3248 5004
469 435 636 484 33111313.
654 433 833 481 3131333311
851 432 891 479 nx
909 431 1016 479 313133
1034 429 1164 478 aratus.
1408 407 1448 476 tt

182 539 354 633 Congreg.
372 537 492 611 audito
514 535 751 609 Iurisconsulti
768 548 868 617 roto,
887 533 934 628 (t)
956 533 1012 604 die
1031 537 1074 604 rt
1091 531 1248 604 Ianuarii
1268 534 1355 602 1608
1372 553 1453 603 cen·

182 647 257 717 suit
276 641 484 738 respondere
503 669 519 711 u
537 640 725 716 Concilium
743 640 925 736 procedere
948 640 1052 710 etium
1074 639 1112 708 r'n
1135 635 1278 708 muiliere
1301 636 1453 718 uolente,

181 751 266 820 dum
289 763 402 821 tamen
424 750 468 819 311
491 762 608 842 ruptus
623 748 719 818 inere
742 746 901 817 tenninos
921 745 1007 814 iuris
1027 741 1167 816 31311133
1188 743 1453 837 (1).Ρ33333113

184 854 326 948 insuper
343 876 425 927 casu
445 853 558 927 eidem
577 852 614 924 S.
632 852 758 945 Congr.
776 851 831 922 his
850 851 966 922 verbis
991 872 1154 943 expresso
1175 849 1302 922 uFelix
1323 848 1367 922 63
1389 848 1454 922 Ga·

185 985 203 1024 3
222 959 351 1051 gliarda
366 959 493 1040 laicus,
512 959 633 1030 decem
652 968 713 1028 aut
729 956 910 1030 duodecim
931 955 1129 1029 hominibus
1145 957 1288 1028 armatis
1304 959 1452 1028 associa-

185 1093 202 1129 »
223 1077 296 1146 tus,
314 1064 491 1137 Orsettam
507 1063 612 1135 liliam
633 1061 823 1136 Clementis
845 1061 1024 1140 Thealdioi
1056 1061 1091 1131 in
1104 1062 1208 1134 domo
1223 1060 1345 1155 Angeli
1363 1061 1454 1133 hlas-

184 1190 203 1234 1
222 1170 287 1241 3131
304 1183 340 1242 31
360 1170 425 1241 sub
447 1169 522 1240 eius
543 1166 651 1239 tutela
668 1168 850 1263 degentem
875 1168 1000 1239 adhoc
1020 1178 1136 1239 tamen
1154 1188 1194 1237 eo
1209 1167 1453 1246 consentiente,

184 1303 201 1338 3
220 1274 357 1356 eduxit,
376 1287 413 1346 ct
432 1271 691 1345 matrimonium
714 1293 794 1345 cum
811 1295 851 1345 ea
867 1273 1053 1345 contraxit.
1074 1271 1173 1344 Modo
1190 1271 1282 1344 idern
1298 1273 1452 1364 Angelus

184 1405 200 1446 n
221 1381 253 1450 in
275 1380 523 1452 constitutione
544 1388 580 1450 et
600 1373 831 1472 assignatione
851 1379 944 1451 dotis
959 1377 1155 1471 praedictae
1172 1377 1353 1459 Orsettoe,
1372 1400 1450 1451 eam

183 1487 403 1580 »ipsumque
428 1484 594 1569 Felicem,
615 1485 736 1579 poenis
760 1485 794 1555 io
820 1484 968 1557 decretis
993 1483 1069 1556 Suc.
1088 1485 1234 1557 Concilii
1256 1483 1450 1557 Tridentini

182 1615 201 1658 n
219 1613 299 1661 sess.
314 1595 401 1662 113.
417 1592 485 1662 613
503 1603 658 1685 raptores
673 1591 910 1674 comminatis,
925 1591 1101 1684 illaqueari
1118 1591 1327 1684 praetendit.
1341 1590 1453 1677 Quae·

183 1695 326 1781 oritur,
348 1719 393 1767 ao
417 1709 530 1769 stante
555 1698 664 1792 ipsius
688 1697 848 1770 Orsettae
868 1718 1050 1777 consensu,
1069 1697 1183 1768 dictus
1206 1696 1302 1769 Felix
1328 1697 1451 1790 poenis

182 1828 200 1868 n
218 1801 406 1873 adstrictus
427 1803 572 1884 existat,
590 1803 791 1895 dictumque
811 1802 1071 1874 matrimonium
1087 1802 1269 1886 subsistat,
1287 1802 1451 1895 dictaque

180 1931 199 1974 3
219 1908 280 1979 633
303 1909 335 1980 31
359 1909 523 2002 assignari
540 1908 676 1981 debeat.
702 1906 805 1980 Sacra
820 1906 1048 1999 congregatio
1070 1920 1155 1989 etc,
1173 1909 1309 1980 censuit
1329 1909 1451 1979 huius·

180 2039 198 2080 n
219 2013 311 2085 modi
336 2026 530 2107 raptorem,
548 2013 739 2085 secutrdum
758 2035 799 2084 33
814 2033 903 2104 quae
918 2024 1159 2105 proponuntur
1182 2013 1450 2107 comprehendi,

181 2133 294 2190 ntum
318 2120 431 2214 quoad
456 2139 603 2214 poenas,
621 2138 724 2211 quam
747 2116 959 2188 matrimonii
984 2117 1273 2210 prohihitionem,
1300 2116 1450 2190 Decreto

180 2226 301 2297 edicti
324 2248 401 2319 cap.
423 2230 538 2295 63333.
564 2221 671 2294 1113
694 2223 797 2318 reson.
818 2238 920 2293 matr.
939 2249 955 2291 n
973 2222 1085 2310 Quam
1109 2224 1316 2296 decisionem
1342 2225 1450 2298 331331

178 2331 317 2424 Riganti
341 2331 379 2402 in
404 2353 475 2424 req.
492 2326 631 2400 cancell.
650 2331 707 2398 tt.

247 2437 294 2509 Et
317 2435 507 2509 secundum
532 2435 621 2506 hanc
636 2433 673 2504 S.
691 2433 799 2530 Cong.
817 2435 1010 2507 doctrinam
1030 2434 1066 2508 S.
1086 2435 1175 2506 Rota
1198 2434 1351 2528 (aiebat)
1370 2435 1446 2528 plu·

176 2543 246 2616 ries
269 2541 448 2622 iudicavit,
473 2540 527 2610 uti
553 2541 668 2618 ridere
692 2553 746 2614 est
761 2541 797 2612 in
814 2539 925 2612 Deris.
945 2545 1013 2612 tto
1031 2555 1119 2636 port.
1143 2545 1183 2612 16
1201 2565 1236 2610 n.
1256 2543 1277 2613 3
1294 2557 1327 2612 et
1350 2540 1446 2612 attii.

246 2647 366 2738 Atqui,
393 2644 618 2718 subsumehat
636 2647 779 2739 Agnetis
802 2649 974 2730 delensor,
992 2648 1027 2719 in
1045 2649 1219 2742 praesenti
1244 2671 1349 2732 casu,
1376 2671 1446 2722 non

174 2752 287 2824 solum
314 2757 429 2845 Agnes
452 2753 567 2846 raptui
591 2776 660 2826 non
684 2756 878 2840 consensit,
905 2756 965 2828 sed
995 2755 1074 2826 talis
1098 2756 1151 2826 vis
1174 2756 1385 2827 machinatio
1409 2771 1447 2829 et

173 2860 271 2932 fraus
302 2871 422 2931 contra
455 2859 565 2953 ipsam
590 2861 746 2933 33613313
771 2874 842 2946 est,
873 2876 913 2933 ut
949 2862 984 2932 in
1016 2860 1210 2954 Sempronii
1233 2875 1445 2956 potestatem

172 2966 381 3049 deveniret,
416 2968 471 3039 cui
501 2968 664 3040 resistere
696 2968 790 3040 nulla
822 2970 956 3040 ratione
986 2980 1135 3062 poterat.
1164 2969 1202 3038 ln
1233 2971 1297 3040 hac
1324 2984 1443 3042 autem

172 3069 338 3144 violentis
354 3094 531 3167 nunquam
546 3074 744 3145 dubitatum
760 3084 814 3146 est
829 3074 913 3167 quin
930 3074 1104 3146 obtineret
1117 3075 1188 3145 veri
1206 3087 1325 3167 raptus
1340 3076 1441 3146 ratio.

243 3177 332 3252 Dato
356 3181 482 3263 etiam,
500 3181 730 3274 subiungebat
746 3179 891 3263 Orator,
910 3181 1002 3274 quod
1022 3203 1089 3251 non
1108 3204 1151 3252 cr
1169 3181 1329 3254 mandato
1346 3181 1446 3254 Sem·

173 3287 304 3380 pronii,
323 3286 433 3360 hister
449 3289 484 3358 in
501 3288 694 3381 Sempronii
712 3289 853 3359 domum
873 3289 1012 3361 duxerit
1028 3289 1214 3380 Agnetem,
1233 3288 1445 3361 demonstra·

172 3394 251 3477 hat,
269 3393 425 3468 eamdem
442 3395 641 3468 violentiam
658 3394 792 3467 illatam
812 3396 965 3478 censeri,
985 3408 1057 3466 tam
1078 3395 1109 3468 ei
1126 3396 1185 3488 qui
1202 3419 1221 3467 3
1237 3396 1341 3468 domo
1365 3419 1444 3490 pro·

169 3500 248 3593 pria
274 3500 446 3574 violenter
468 3501 646 3584 deiieitur,
672 3524 776 3597 quam
801 3503 834 3575 ei
858 3503 917 3595 qui
939 3527 958 3575 3
979 3525 1040 3573 333
1064 3502 1167 3574 domo
1191 3502 1382 3586 discessus,
1409 3503 1443 3574 vi

168 3605 359 3680 detinetur.
378 3605 499 3680 Cicem
515 3631 579 3703 pro
599 3606 735 3680 Cecino.
754 3607 921 3702 Ulpianus
942 3608 1091 3678 constin
1107 3605 1380 3704 11331333
1396 3632 1443 3680 ru.

168 3709 279 3782 Porro
295 3712 409 3804 Agnes
433 3736 521 3806 quac
544 3713 787 3808 Sempronium
812 3715 960 3786 naturali
986 3714 1154 3786 instinctu
1177 3716 1443 3808 repudiaverat,

168 3817 309 3890 edoma
324 3816 504 3892 fraudibus
527 3822 736 3905 extrahitur,
755 3843 864 3914 eaque
880 3821 984 3893 ducta
1002 3821 1037 3890 in
1054 3831 1264 3914 potestatem
1284 3821 1445 3915 Sempro

167 3926 218 3996 nii
249 3927 293 3998 ah
317 3951 360 4002 eo
383 3929 510 4022 iugiter
539 3931 698 4023 quamvis
721 3954 784 4024 per
807 3931 1037 4003 educatricem
1065 3931 1193 4002 dolosis
1217 3933 1444 4004 machinatio-

167 4032 273 4105 nibus
297 4033 486 4109 detinetur.
511 4034 658 4110 Perinde
682 4049 799 4110 autem
824 4050 878 4111 est
902 4041 987 4110 haec
1008 4061 1069 4130 per
1093 4062 1150 4119 se,
1176 4037 1231 4107 vel
1251 4062 1314 4126 per
1334 4040 1444 4112 alium

167 4137 397 4233 1333331133.
417 4145 461 4214 71
478 4143 520 4215 63
540 4167 609 4240 rap.
628 4145 665 4215 in
683 4149 716 4216 6.

228 4297 266 4364 (1)
282 4295 344 4352 vid.
359 4297 467 4368 11133311
482 4297 515 4354 36
530 4299 649 4370 regulam
665 4303 697 4356 ts
712 4316 778 4357 can·
833 4302 898 4355 haee
909 4301 935 4354 S.
948 4301 1016 4359 c.C.
1025 4300 1152 4356 resolutio
1162 4300 1326 4369 declaratur,
1336 4300 1441 4357 3613313

164 4378 230 4436 3311.
244 4395 272 4435 3.
286 4385 316 4435 tt
327 4393 404 4452 seqq.
831 4385 903 4458 prasi
916 4386 1035 4441 eiusdem
1047 4389 1074 4442 S.
1087 4389 1117 4444 C.

226 4467 266 4534 (2)
283 4465 346 4524 t'nt.
363 4465 479 4538 append.
499 4467 534 4525 11.
553 4467 582 4523 13
600 4483 651 4538 qna
671 4470 760 4535 ampla
