3282 5008
191 403 256 470 tas
485 418 581 467 surra
600 415 784 464 nstrarnur.
804 415 906 463 curn.
926 413 962 460 uc
980 408 1165 460 nourrius.

188 524 324 598 nativae
348 523 545 595 fruerentur
569 521 604 591 in
629 520 798 592 electione
822 515 1086 596 Canonicorum,
1105 526 1154 595 et,
1173 511 1253 584 data
1270 512 1464 596 vacatione,

185 643 406 702 concurreret
430 652 541 711 unus,
567 626 622 698 cui
652 623 952 716 consanguinitate
987 620 1127 690 iunctus
1162 629 1238 690 erat
1270 616 1466 692 Canonicus

186 735 248 806 Del
273 733 395 816 Bono,
420 733 563 804 dubium
588 731 806 825 propositum
830 727 896 798 luit
932 753 948 793 a
977 726 1029 797 An
1054 723 1251 796 Canonicus
1279 722 1342 795 llel
1367 725 1467 800 llono

188 865 205 906 a
232 840 266 909 in
292 838 461 912 electione
486 837 528 908 de
552 859 620 929 qua
655 836 769 927 agitur
803 831 1010 904 reiieiendus
1042 831 1088 900 sit
1123 853 1144 900 a
1175 827 1318 901 lacendo
1342 830 1461 903 suffra·

189 945 290 1036 agio
327 945 361 1014 in
386 965 467 1015 casu
492 965 533 1027 ;a
573 961 779 1034 responsum
814 937 948 1009 editum
985 946 1039 1007 est
1074 934 1130 1006 dio
1170 936 1211 1004 19
1241 946 1332 1026 sept.
1373 935 1458 1006 tata

188 1089 211 1103 -
229 1046 442 1142 Nepotioe-.

258 1151 374 1244 Neque
400 1174 481 1223 vero
514 1151 649 1222 officere
685 1147 865 1220 dicebatur
896 1144 1077 1238 dispositio
1101 1143 1295 1239 synodalis:
1321 1148 1356 1213 in
1381 1167 1461 1217 casu

186 1257 278 1330 enim
305 1257 476 1350 praesenti
502 1255 631 1326 nullam
656 1277 696 1326 ea
720 1261 857 1346 poterat
881 1272 1042 1321 exserere
1059 1249 1141 1333 vim,
1167 1250 1332 1342 quoniam
1358 1261 1467 1320 testa-

188 1374 303 1432 torum
329 1359 497 1431 rbluntati
525 1361 689 1450 derogare
712 1379 783 1430 uon
808 1355 976 1429 valetlta
1001 1356 1093 1427 enim
1118 1355 1240 1427 scribit
1265 1354 1380 1426 Piton.
1409 1353 1471 1424 Al·

187 1463 251 1559 lep.
281 1467 339 1538 30.
371 1464 423 1535 De
449 1463 564 1536 Contr.
591 1463 731 1534 Patron.
759 1485 795 1532 n.
830 1467 868 1544 l,
895 1474 927 1532 et
943 1482 1010 1555 sep.
1029 1483 1145 1531 ··cum
1171 1458 1228 1531 lea
1254 1459 1466 1554 fundationis

187 1570 283 1665 ionpe
303 1568 483 1665 praecedat
506 1567 783 1641 Constitutionem
815 1564 1031 1662 synodalem,
1062 1580 1094 1637 et
1121 1566 1169 1636 ibi
1200 1579 1383 1647 caveatur,
1412 1567 1466 1634 ins

185 1674 428 1771 praesentandi
444 1689 594 1771 spectare
609 1674 729 1744 debere
739 1675 784 1744 ad
798 1670 994 1768 Capitulum
1010 1686 1041 1742 et
1060 1672 1245 1744 Canamma
1257 1675 1392 1742 nemine
1409 1696 1467 1742 ea-

186 1795 294 1875 cepta,
318 1783 434 1875 utique
454 1779 684 1877 pracalicpnta
709 1779 899 1850 constitutio
924 1777 1032 1849 locam
1055 1803 1121 1850 non
1138 1779 1289 1849 hebetia
1306 1778 1466 1850 electione

186 1886 232 1957 nd
259 1887 321 1958 boc
349 1887 545 1981 beneficium
568 1886 609 1957 de
634 1887 709 1957 iare
735 1900 947 1982 patronatus.
965 1884 1093 1956 -Cum
1118 1886 1255 1957 Pitonia
1279 1885 1465 1956 concordat

187 1990 223 2061 S.
252 1991 340 2062 Rota
365 2015 443 2062 cum
470 1990 700 2063 Ductoribus:
733 2012 845 2083 neque
878 1990 1039 2061 dissentit
1063 1990 1098 2060 S.
1125 1990 1165 2061 C.
1192 1989 1324 2071 Cone,
1357 1988 1466 2061 veluti

188 2094 306 2168 videre
330 2109 384 2166 εει
412 2097 446 2166 in
471 2095 656 2166 Ferentino
685 2093 951 2190 cappellaniae,
975 2097 1074 2168 cuius
1105 2097 1188 2167 lacti
1221 2095 1373 2189 speciem
1409 2095 1467 2165 hic

188 2200 271 2271 dare
298 2222 366 2272 nou
394 2200 665 2294 inopportunum
690 2201 911 2271 arbitramur.

258 2305 452 2399 Cuppinius
476 2306 615 2399 quidam
643 2305 877 2400 Capellauiam
903 2307 938 2375 in
963 2304 1158 2378 Cathedrali
1178 2304 1363 2377 Ferentiua
1392 2304 1469 2375 iuu-

186 2414 340 2495 daverat,
368 2413 627 2506 iurepatronatu
652 2413 765 2485 activo
785 2423 962 2484 reservato
978 2411 1173 2494 Canonieis,
1193 2412 1330 2505 passivo
1347 2422 1472 2483 autem

187 2514 458 2608 Consanguineis
474 2515 681 2588 Fundatoris
706 2517 826 2610 ipsiuS,
845 2540 885 2589 ac
909 2519 1059 2590 seeundo
1084 2517 1160 2589 loco
1184 2516 1328 2588 Clericis
1342 2515 1368 2586 F
1371 2540 1469 2588 eren·

189 2621 368 2692 tinatibus.
399 2621 489 2691 Cum
514 2623 579 2692 ista
604 2621 801 2715 Capeliania
826 2622 1041 2705 vacavisset,
1064 2622 1195 2695 lactum
1221 2634 1293 2703 est,
1314 2633 1352 2692 ut
1374 2623 1470 2692 inter

188 2725 380 2799 Canonicos
404 2739 475 2798 tres
495 2729 803 2801 adnumerarentur
828 2729 1127 2821 consanguinitate
1152 2727 1261 2797 iuneti
1286 2749 1368 2800 cum
1395 2750 1469 2798 uno

188 2832 324 2915 exiis,
350 2837 410 2925 qui
442 2833 484 2903 ad
517 2833 627 2926 ipsam
663 2832 896 2926 Capelianiam
925 2832 1159 2926 adspirabant.
1188 2829 1356 2918 Quoniam
1382 2855 1469 2904 vero

188 2961 232 3009 ex
257 2937 481 3029 dispositione
505 2938 634 3032 Synodi
650 2938 676 3009 F
679 2939 894 3020 erentiuatis,
913 2960 980 3009 non
998 2959 1097 3010 secus
1114 2961 1154 3008 ac
1170 2937 1295 3008 accidit
1312 2940 1346 3007 in
1363 2937 1468 3008 Dioe·

189 3042 259 3113 cesi
294 3042 446 3114 civitatis
472 3044 528 3125 Λ.,
554 3043 596 3113 de
632 3064 700 3135 qua
730 3066 785 3115 res
810 3056 887 3125 est,
914 3054 1085 3114 statutum
1111 3053 1209 3124 erat,
1236 3055 1276 3112 ut
1298 3041 1464 3115 Canonici

190 3145 390 3238 suffragium
424 3148 688 3239 consanguineis
719 3149 800 3220 dare
824 3161 1022 3240 nequeant,
1047 3148 1161 3218 tribus
1193 3145 1260 3217 illis
1283 3145 1468 3220 Canonieis

189 3255 420 3348 significatum
443 3257 529 3341 luit,
558 3270 596 3328 ut
618 3257 661 3328 ab
686 3260 769 3330 aede
797 3259 978 3350 capitulari
1004 3258 1267 3352 egrederentur,
1293 3281 1373 3329 aum
1408 3256 1469 3327 ille

190 3371 385 3431 conventus
400 3360 600 3444 baberetur,
619 3361 654 3431 in
669 3384 737 3455 quo
753 3365 795 3435 dc
816 3363 1001 3456 Capeliano
1026 3363 1185 3456 eligendo
1201 3361 1464 3436 consultandum

192 3477 278 3536 erat.
305 3465 348 3536 lli
372 3466 528 3559 prolecto
552 3468 735 3552 abierunt;
759 3470 818 3539 sed
844 3470 965 3540 eodem
989 3470 1044 3540 die
1069 3472 1355 3561 protestationem
1384 3490 1471 3538 cnn-

191 3582 244 3639 tra
268 3569 464 3642 huiusmodi
489 3572 663 3664 repulsam
688 3570 847 3644 formiter
870 3574 1064 3646 ediderunt.
1092 3573 1180 3644 Cum
1206 3577 1323 3668 itaquo
1349 3595 1404 3643 res
1423 3575 1466 3644 ad

189 3674 226 3746 S.
253 3674 359 3746 Cone.
387 3675 500 3748 delata
525 3677 659 3760 luisset,
685 3680 864 3771 proposito
888 3679 992 3752 dubio
1020 3708 1036 3744 a
1064 3679 1116 3749 An
1141 3693 1176 3752 et
1200 3679 1375 3774 quomodo
1392 3679 1467 3752 iure

192 3805 209 3848 a
236 3780 389 3872 suffragii
414 3782 561 3873 gaudere
586 3782 734 3854 debeant
757 3782 921 3854 Cauonici
944 3785 1035 3854 intra
1060 3789 1201 3856 tertium
1227 3784 1370 3879 gradum
1387 3807 1467 3879 pro-

193 3887 356 3979 apiuqui
388 3888 669 3959 concurrentium
704 3888 745 3959 ad
782 3887 1040 3984 Cappellauiam
1073 3890 1222 3986 Cuppiui
1253 3893 1288 3961 in
1321 3913 1467 3977 easu3n

191 3987 271 4061 Eriri
302 3989 422 4063 Patres
455 3991 511 4063 die
547 3997 559 4061 1
590 3991 703 4063 Martii
731 3995 820 4064 1831
856 3997 1109 4086 rescripserunt
1125 4038 1148 4050 -
1164 3997 1375 4091 Affirmative
1401 4021 1471 4093 per

190 4109 419 4165 vataaacreta.

259 4199 298 4269 ln
324 4201 452 4273 tuenda
478 4202 654 4275 validitate
679 4204 902 4278 resolutionis
926 4206 1125 4299 capitularis
1150 4209 1217 4281 diei
1244 4211 1263 4278 9
1289 4208 1378 4280 lunii
1405 4231 1467 4302 op-

188 4304 406 4399 ponebatur,
444 4307 656 4379 Canouicum
686 4308 725 4378 u.
755 4333 836 4383 vero
873 4310 1000 4396 nimis,
1035 4336 1075 4384 ac
1104 4326 1288 4408 propterea
1325 4313 1470 4406 nequid·

188 4432 293 4502 quam
327 4433 427 4504 agere
451 4413 494 4484 de
522 4427 744 4509 contemptu,
778 4439 883 4509 quem
917 4439 1038 4510 passus
1074 4432 1153 4503 est,
1188 4441 1267 4491 cum
1299 4420 1343 4491 ab
1377 4440 1467 4489 con-
