<?xml version="1.0" encoding="UTF-8"?>
<!DOCTYPE html PUBLIC "-//W3C//DTD XHTML 1.0 Transitional//EN"
    "http://www.w3.org/TR/xhtml1/DTD/xhtml1-transitional.dtd">
<html xmlns="http://www.w3.org/1999/xhtml" xml:lang="en" lang="en">
 <head>
  <title>
</title>
<meta http-equiv="Content-Type" content="text/html;charset=utf-8" />
  <meta name='ocr-system' content='tesseract 3.04.00' />
  <meta name='ocr-capabilities' content='ocr_page ocr_carea ocr_par ocr_line ocrx_word'/>
</head>
<body>
  <div class='ocr_page' id='page_1' title='image "actasanctaesedi00ixgoog_0133.png"; bbox 0 0 3282 5008; ppageno 0'>
   <div class='ocr_carea' id='block_1_1' title="bbox 222 391 972 461">
    <p class='ocr_par' dir='ltr' id='par_1_1' title="bbox 222 391 972 461">
     <span class='ocr_line' id='line_1_1' title="bbox 222 391 972 461; baseline -0.001 -5"><span class='ocrx_word' id='word_1_1' title='bbox 222 391 293 461; x_wconf 80' lang='lat'><strong>128</strong></span> <span class='ocrx_word' id='word_1_2' title='bbox 745 408 901 459; x_wconf 77' lang='lat' dir='ltr'><strong>annanntx</strong></span> <span class='ocrx_word' id='word_1_3' title='bbox 927 406 972 456; x_wconf 78' lang='lat' dir='ltr'><strong>vt.</strong></span> 
     </span>
    </p>
   </div>
   <div class='ocr_carea' id='block_1_2' title="bbox 210 509 1495 1616">
    <p class='ocr_par' dir='ltr' id='par_1_2' title="bbox 211 509 1495 1100">
     <span class='ocr_line' id='line_1_2' title="bbox 222 509 1495 596; baseline 0.003 -22"><span class='ocrx_word' id='word_1_4' title='bbox 222 515 306 575; x_wconf 78' lang='lat' dir='ltr'><strong>ttcne.</strong></span> <span class='ocrx_word' id='word_1_5' title='bbox 319 515 348 577; x_wconf 83' lang='lat' dir='ltr'><strong>Si</strong></span> <span class='ocrx_word' id='word_1_6' title='bbox 361 515 432 596; x_wconf 77' lang='lat' dir='ltr'><strong>quta</strong></span> <span class='ocrx_word' id='word_1_7' title='bbox 448 521 547 578; x_wconf 85' lang='lat' dir='ltr'><strong>autam</strong></span> <span class='ocrx_word' id='word_1_8' title='bbox 565 513 685 576; x_wconf 84' lang='lat' dir='ltr'><strong>easdem</strong></span> <span class='ocrx_word' id='word_1_9' title='bbox 699 512 831 593; x_wconf 76' lang='lat' dir='ltr'>dirigere</span> <span class='ocrx_word' id='word_1_10' title='bbox 883 518 964 588; x_wconf 81' lang='lat' dir='ltr'><strong>enat,</strong></span> <span class='ocrx_word' id='word_1_11' title='bbox 982 509 1035 574; x_wconf 80' lang='lat' dir='ltr'><strong>aad</strong></span> <span class='ocrx_word' id='word_1_12' title='bbox 1051 529 1120 574; x_wconf 84' lang='lat' dir='ltr'><strong>cnm</strong></span> <span class='ocrx_word' id='word_1_13' title='bbox 1135 511 1224 576; x_wconf 79' lang='lat' dir='ltr'><strong>aliter</strong></span> <span class='ocrx_word' id='word_1_14' title='bbox 1243 530 1292 576; x_wconf 81' lang='lat' dir='ltr'><strong>raa</strong></span> <span class='ocrx_word' id='word_1_15' title='bbox 1305 530 1337 576; x_wconf 79' lang='lat' dir='ltr'><strong>aa</strong></span> <span class='ocrx_word' id='word_1_16' title='bbox 1348 512 1495 586; x_wconf 78' lang='lat' dir='ltr'><strong>habeant.</strong></span> 
     </span>
     <span class='ocr_line' id='line_1_3' title="bbox 219 615 1493 696; baseline 0.004 -20"><span class='ocrx_word' id='word_1_17' title='bbox 219 615 307 678; x_wconf 81' lang='lat' dir='ltr'><strong>malit</strong></span> <span class='ocrx_word' id='word_1_18' title='bbox 317 616 355 678; x_wconf 89' lang='lat' dir='ltr'><strong>ad</strong></span> <span class='ocrx_word' id='word_1_19' title='bbox 368 615 501 696; x_wconf 78' lang='lat' dir='ltr'><strong>aliquem</strong></span> <span class='ocrx_word' id='word_1_20' title='bbox 514 615 681 680; x_wconf 76' lang='lat' dir='ltr'><strong>officialem</strong></span> <span class='ocrx_word' id='word_1_21' title='bbox 695 615 831 678; x_wconf 76' lang='lat' dir='ltr'>eiusdem</span> <span class='ocrx_word' id='word_1_22' title='bbox 883 631 1004 676; x_wconf 79' lang='lat' dir='ltr'><strong>necasse</strong></span> <span class='ocrx_word' id='word_1_23' title='bbox 1014 621 1058 676; x_wconf 83' lang='lat' dir='ltr'><strong>ast</strong></span> <span class='ocrx_word' id='word_1_24' title='bbox 1068 620 1102 676; x_wconf 90' lang='lat' dir='ltr'><strong>ut</strong></span> <span class='ocrx_word' id='word_1_25' title='bbox 1111 615 1302 678; x_wconf 81' lang='lat' dir='ltr'><strong>Postulanten</strong></span> <span class='ocrx_word' id='word_1_26' title='bbox 1312 618 1493 681; x_wconf 71' lang='lat' dir='ltr'><strong>remotiora·</strong></span> 
     </span>
     <span class='ocr_line' id='line_1_4' title="bbox 219 715 1493 798; baseline 0.004 -21"><span class='ocrx_word' id='word_1_27' title='bbox 219 715 394 780; x_wconf 83' lang='lat' dir='ltr'><strong>Tribunalts</strong></span> <span class='ocrx_word' id='word_1_28' title='bbox 417 724 518 798; x_wconf 81' lang='lat' dir='ltr'><strong>potent</strong></span> <span class='ocrx_word' id='word_1_29' title='bbox 536 717 680 798; x_wconf 81' lang='lat' dir='ltr'><strong>qnidam3</strong></span> <span class='ocrx_word' id='word_1_30' title='bbox 697 724 830 779; x_wconf 81' lang='lat' dir='ltr'><strong>attamen</strong></span> <span class='ocrx_word' id='word_1_31' title='bbox 882 715 1071 779; x_wconf 82' lang='lat' dir='ltr'><strong>aPonttflcia</strong></span> <span class='ocrx_word' id='word_1_32' title='bbox 1087 717 1212 780; x_wconf 83' lang='lat' dir='ltr'><strong>Ditione</strong></span> <span class='ocrx_word' id='word_1_33' title='bbox 1225 718 1406 782; x_wconf 76' lang='lat' dir='ltr'><strong>litaraaauas</strong></span> <span class='ocrx_word' id='word_1_34' title='bbox 1421 720 1493 782; x_wconf 81' lang='lat' dir='ltr'><strong>mit·</strong></span> 
     </span>
     <span class='ocr_line' id='line_1_5' title="bbox 218 816 1490 900; baseline 0.003 -23"><span class='ocrx_word' id='word_1_35' title='bbox 218 817 399 881; x_wconf 79' lang='lat' dir='ltr'><strong>tnocincaau</strong></span> <span class='ocrx_word' id='word_1_36' title='bbox 410 816 828 880; x_wconf 75' lang='lat' dir='ltr'><strong>subiiciunturlitaraevacti-</strong></span> <span class='ocrx_word' id='word_1_37' title='bbox 882 823 947 878; x_wconf 89' lang='lat' dir='ltr'><strong>tant</strong></span> <span class='ocrx_word' id='word_1_38' title='bbox 961 818 999 880; x_wconf 87' lang='lat' dir='ltr'><strong>ab</strong></span> <span class='ocrx_word' id='word_1_39' title='bbox 1017 817 1075 880; x_wconf 83' lang='lat' dir='ltr'><strong>hac</strong></span> <span class='ocrx_word' id='word_1_40' title='bbox 1091 819 1246 882; x_wconf 79' lang='lat' dir='ltr'><strong>taxatione</strong></span> <span class='ocrx_word' id='word_1_41' title='bbox 1264 819 1374 882; x_wconf 76' lang='lat' dir='ltr'><strong>liberas</strong></span> <span class='ocrx_word' id='word_1_42' title='bbox 1396 819 1490 900; x_wconf 77' lang='lat' dir='ltr'>vulgo</span> 
     </span>
     <span class='ocr_line' id='line_1_6' title="bbox 220 920 1491 1001; baseline 0.002 -19"><span class='ocrx_word' id='word_1_43' title='bbox 220 922 295 999; x_wconf 78' lang='lat' dir='ltr'><strong>gatis</strong></span> <span class='ocrx_word' id='word_1_44' title='bbox 310 920 469 997; x_wconf 79' lang='lat' dir='ltr'><strong>solutioni,</strong></span> <span class='ocrx_word' id='word_1_45' title='bbox 487 922 549 984; x_wconf 79' lang='lat' dir='ltr'><strong>sne</strong></span> <span class='ocrx_word' id='word_1_46' title='bbox 565 921 709 983; x_wconf 76' lang='lat' dir='ltr'><strong>taxationi</strong></span> <span class='ocrx_word' id='word_1_47' title='bbox 734 921 827 999; x_wconf 80' lang='lat' dir='ltr'><strong>nutgo</strong></span> <span class='ocrx_word' id='word_1_48' title='bbox 872 920 996 994; x_wconf 69' lang='lat' dir='ltr'><strong>francla</strong></span> <span class='ocrx_word' id='word_1_49' title='bbox 1025 939 1122 1001; x_wconf 81' lang='lat' dir='ltr'>usque</span> <span class='ocrx_word' id='word_1_50' title='bbox 1147 920 1185 983; x_wconf 87' lang='lat' dir='ltr'><strong>ad</strong></span> <span class='ocrx_word' id='word_1_51' title='bbox 1212 921 1287 984; x_wconf 80' lang='lat' dir='ltr'><strong>ssuaa</strong></span> <span class='ocrx_word' id='word_1_52' title='bbox 1311 921 1491 986; x_wconf 76' lang='lat' dir='ltr'><strong>pontificiae</strong></span> 
     </span>
     <span class='ocr_line' id='line_1_7' title="bbox 211 1021 1022 1100; baseline 0.004 -18"><span class='ocrx_word' id='word_1_53' title='bbox 211 1025 334 1100; x_wconf 54' lang='lat' dir='ltr'><strong>postult</strong></span> <span class='ocrx_word' id='word_1_54' title='bbox 356 1022 428 1085; x_wconf 89' lang='lat' dir='ltr'><strong>dum</strong></span> <span class='ocrx_word' id='word_1_55' title='bbox 445 1023 516 1086; x_wconf 82' lang='lat' dir='ltr'><strong>illan</strong></span> <span class='ocrx_word' id='word_1_56' title='bbox 536 1042 553 1084; x_wconf 83' lang='lat' dir='ltr'><strong>a</strong></span> <span class='ocrx_word' id='word_1_57' title='bbox 575 1031 683 1085; x_wconf 79' lang='lat' dir='ltr'><strong>contra</strong></span> <span class='ocrx_word' id='word_1_58' title='bbox 704 1021 743 1084; x_wconf 89' lang='lat' dir='ltr'><strong>ab</strong></span> <span class='ocrx_word' id='word_1_59' title='bbox 766 1023 826 1085; x_wconf 87' lang='lat' dir='ltr'><strong>hon</strong></span> <span class='ocrx_word' id='word_1_60' title='bbox 877 1023 1022 1086; x_wconf 84' lang='lat' dir='ltr'><strong>Ditionia.</strong></span> 
     </span>
    </p>

    <p class='ocr_par' dir='ltr' id='par_1_3' title="bbox 210 1125 1489 1616">
     <span class='ocr_line' id='line_1_8' title="bbox 214 1125 1488 1206; baseline 0.004 -22"><span class='ocrx_word' id='word_1_61' title='bbox 214 1144 310 1188; x_wconf 79' lang='lat' dir='ltr'><strong>onere</strong></span> <span class='ocrx_word' id='word_1_62' title='bbox 324 1125 435 1189; x_wconf 81' lang='lat' dir='ltr'><strong>liberae</strong></span> <span class='ocrx_word' id='word_1_63' title='bbox 451 1129 643 1206; x_wconf 82' lang='lat' dir='ltr'><strong>perveniunt.</strong></span> <span class='ocrx_word' id='word_1_64' title='bbox 658 1128 741 1188; x_wconf 79' lang='lat' dir='ltr'><strong>Haec</strong></span> <span class='ocrx_word' id='word_1_65' title='bbox 753 1128 825 1206; x_wconf 88' lang='lat' dir='ltr'><strong>qui·</strong></span> <span class='ocrx_word' id='word_1_66' title='bbox 941 1127 1046 1205; x_wconf 77' lang='lat' dir='ltr'>Neque</span> <span class='ocrx_word' id='word_1_67' title='bbox 1059 1127 1220 1189; x_wconf 82' lang='lat' dir='ltr'><strong>intereatai</strong></span> <span class='ocrx_word' id='word_1_68' title='bbox 1231 1125 1336 1189; x_wconf 80' lang='lat' dir='ltr'><strong>literae</strong></span> <span class='ocrx_word' id='word_1_69' title='bbox 1349 1133 1488 1189; x_wconf 75' lang='lat' dir='ltr'><strong>exaratae</strong></span> 
     </span>
     <span class='ocr_line' id='line_1_9' title="bbox 214 1226 1489 1309; baseline 0.002 -22"><span class='ocrx_word' id='word_1_70' title='bbox 214 1226 287 1288; x_wconf 87' lang='lat' dir='ltr'><strong>dem</strong></span> <span class='ocrx_word' id='word_1_71' title='bbox 314 1227 481 1306; x_wconf 75' lang='lat' dir='ltr'><strong>respiciunt</strong></span> <span class='ocrx_word' id='word_1_72' title='bbox 505 1229 658 1290; x_wconf 79' lang='lat' dir='ltr'><strong>[titionem</strong></span> <span class='ocrx_word' id='word_1_73' title='bbox 686 1228 721 1289; x_wconf 81' lang='lat' dir='ltr'><strong>R.</strong></span> <span class='ocrx_word' id='word_1_74' title='bbox 742 1231 824 1289; x_wconf 82' lang='lat' dir='ltr'><strong>Pon·</strong></span> <span class='ocrx_word' id='word_1_75' title='bbox 877 1230 936 1288; x_wconf 85' lang='lat' dir='ltr'><strong>sint</strong></span> <span class='ocrx_word' id='word_1_76' title='bbox 958 1228 1080 1306; x_wconf 81' lang='lat' dir='ltr'><strong>latino,</strong></span> <span class='ocrx_word' id='word_1_77' title='bbox 1109 1229 1155 1290; x_wconf 84' lang='lat' dir='ltr'><strong>vet</strong></span> <span class='ocrx_word' id='word_1_78' title='bbox 1183 1229 1326 1309; x_wconf 79' lang='lat' dir='ltr'><strong>propriae</strong></span> <span class='ocrx_word' id='word_1_79' title='bbox 1352 1229 1489 1291; x_wconf 83' lang='lat' dir='ltr'><strong>Natinnis</strong></span> 
     </span>
     <span class='ocr_line' id='line_1_10' title="bbox 215 1327 1485 1412; baseline 0.002 -24"><span class='ocrx_word' id='word_1_80' title='bbox 215 1327 319 1390; x_wconf 81' lang='lat' dir='ltr'><strong>tifints.</strong></span> <span class='ocrx_word' id='word_1_81' title='bbox 343 1329 519 1410; x_wconf 80' lang='lat' dir='ltr'><strong>optandum</strong></span> <span class='ocrx_word' id='word_1_82' title='bbox 544 1329 668 1409; x_wconf 85' lang='lat' dir='ltr'><strong>quidam</strong></span> <span class='ocrx_word' id='word_1_83' title='bbox 691 1335 771 1390; x_wconf 83' lang='lat' dir='ltr'><strong>esset</strong></span> <span class='ocrx_word' id='word_1_84' title='bbox 792 1335 827 1391; x_wconf 85' lang='lat' dir='ltr'><strong>ut</strong></span> <span class='ocrx_word' id='word_1_85' title='bbox 876 1333 1035 1404; x_wconf 83' lang='lat' dir='ltr'><strong>idiomate,</strong></span> <span class='ocrx_word' id='word_1_86' title='bbox 1050 1337 1219 1412; x_wconf 81' lang='lat' dir='ltr'><strong>suppetunt</strong></span> <span class='ocrx_word' id='word_1_87' title='bbox 1231 1332 1310 1393; x_wconf 83' lang='lat' dir='ltr'><strong>anim</strong></span> <span class='ocrx_word' id='word_1_88' title='bbox 1324 1332 1355 1393; x_wconf 90' lang='lat' dir='ltr'><strong>S.</strong></span> <span class='ocrx_word' id='word_1_89' title='bbox 1370 1331 1485 1392; x_wconf 84' lang='lat' dir='ltr'><strong>Poeni·</strong></span> 
     </span>
     <span class='ocr_line' id='line_1_11' title="bbox 210 1429 1489 1510; baseline 0.002 -20"><span class='ocrx_word' id='word_1_90' title='bbox 210 1429 364 1492; x_wconf 77' lang='lat' dir='ltr'><strong>catholica</strong></span> <span class='ocrx_word' id='word_1_91' title='bbox 384 1429 537 1492; x_wconf 79' lang='lat' dir='ltr'><strong>Gubernin</strong></span> <span class='ocrx_word' id='word_1_92' title='bbox 554 1431 633 1492; x_wconf 87' lang='lat' dir='ltr'>idem</span> <span class='ocrx_word' id='word_1_93' title='bbox 648 1432 677 1491; x_wconf 83' lang='lat' dir='ltr'><strong>in</strong></span> <span class='ocrx_word' id='word_1_94' title='bbox 693 1433 756 1492; x_wconf 81' lang='lat' dir='ltr'><strong>suis</strong></span> <span class='ocrx_word' id='word_1_95' title='bbox 768 1432 824 1492; x_wconf 81' lang='lat' dir='ltr'><strong>nt·</strong></span> <span class='ocrx_word' id='word_1_96' title='bbox 876 1431 1035 1493; x_wconf 80' lang='lat' dir='ltr'><strong>teatinaiae</strong></span> <span class='ocrx_word' id='word_1_97' title='bbox 1066 1450 1125 1510; x_wconf 78' lang='lat' dir='ltr'><strong>nro</strong></span> <span class='ocrx_word' id='word_1_98' title='bbox 1154 1432 1317 1495; x_wconf 79' lang='lat' dir='ltr'><strong>cuiuslibet</strong></span> <span class='ocrx_word' id='word_1_99' title='bbox 1347 1432 1489 1493; x_wconf 80' lang='lat' dir='ltr'><strong>Nationia</strong></span> 
     </span>
     <span class='ocr_line' id='line_1_12' title="bbox 211 1530 1425 1616; baseline -0.003 -22"><span class='ocrx_word' id='word_1_100' title='bbox 211 1531 350 1594; x_wconf 76' lang='lat' dir='ltr'><strong>tionibna</strong></span> <span class='ocrx_word' id='word_1_101' title='bbox 364 1530 571 1613; x_wconf 80' lang='lat' dir='ltr'><strong>indulgerent,</strong></span> <span class='ocrx_word' id='word_1_102' title='bbox 587 1539 620 1594; x_wconf 90' lang='lat' dir='ltr'><strong>nt</strong></span> <span class='ocrx_word' id='word_1_103' title='bbox 635 1531 708 1594; x_wconf 80' lang='lat' dir='ltr'><strong>alias</strong></span> <span class='ocrx_word' id='word_1_104' title='bbox 723 1535 752 1594; x_wconf 90' lang='lat' dir='ltr'><strong>in</strong></span> <span class='ocrx_word' id='word_1_105' title='bbox 769 1551 824 1595; x_wconf 88' lang='lat' dir='ltr'><strong>usu</strong></span> <span class='ocrx_word' id='word_1_106' title='bbox 877 1533 1022 1595; x_wconf 84' lang='lat' dir='ltr'><strong>idiomate</strong></span> <span class='ocrx_word' id='word_1_107' title='bbox 1037 1535 1218 1616; x_wconf 78' lang='lat' dir='ltr'><strong>interpretes</strong></span> <span class='ocrx_word' id='word_1_108' title='bbox 1233 1532 1425 1615; x_wconf 78' lang='lat' dir='ltr'><strong>multiplices,</strong></span> 
     </span>
    </p>
   </div>
   <div class='ocr_carea' id='block_1_3' title="bbox 0 0 1646 5008">
    <p class='ocr_par' dir='ltr' id='par_1_4' title="bbox 0 0 1646 5008">
     <span class='ocr_line' id='line_1_13' title="bbox 0 0 1646 5008; baseline 0 3"><span class='ocrx_word' id='word_1_109' title='bbox 0 0 1646 5008; x_wconf 95' lang='lat' dir='ltr'><strong> </strong></span> 
     </span>
    </p>
   </div>
  </div>
 </body>
</html>
