3282 5008
186 393 252 464 tas
610 416 796 468 autttrarrs
814 419 1014 470 mraumnu.

179 520 395 594 domicilium
418 522 572 616 suppleri
597 545 665 595 non
690 548 790 619 posse
813 549 876 619 per
900 526 1028 597 nudam
1060 527 1326 620 adscriptionem
1359 526 1450 597 inter

178 633 248 708 loci
273 635 671 728 municipesrquidquid
696 649 849 708 statuant
871 639 985 730 quoad
1002 637 1068 708 hoc
1084 637 1202 708 civiles
1225 635 1332 730 leges.

253 739 308 810 lV.
323 739 391 811 Nec
409 739 480 810 sola
496 739 676 813 voluntate
710 741 1038 834 quasidomicilium
1055 741 1226 822 contrahi,
1240 740 1300 812 sed
1314 755 1449 833 praeter

180 845 395 918 voluntatem
420 845 461 916 ad
488 843 627 937 longum
655 858 793 939 tempus
815 847 1058 940 permanendi,
1085 847 1175 939 exigi
1199 847 1328 917 iactum
1354 845 1448 917 habi-

180 952 334 1022 tationis.

249 1056 290 1126 V.
317 1057 415 1143 Quod
440 1057 662 1128 habitationis
686 1057 816 1128 lactum
841 1059 882 1131 ud
906 1057 1069 1131 effectum
1093 1056 1351 1128 matrimonium
1369 1080 1444 1128 con·

177 1162 352 1244 trahendi,
367 1164 395 1233 si
410 1185 470 1255 per
487 1185 640 1234 mensem
665 1179 864 1257 perseveret
889 1163 1041 1256 nihilque
1065 1188 1168 1257 grave
1191 1176 1386 1256 opponatur
1399 1165 1446 1256 (l)

175 1289 222 1338 eo
247 1268 322 1358 ipso
346 1268 673 1360 quasidomioilium
699 1270 873 1360 praesumi
898 1269 1119 1361 acquisitum.

248 1371 305 1441 vt.
333 1371 404 1444 lmo
428 1373 563 1443 etiamsi
589 1373 630 1442 ad
656 1374 785 1444 mensis
809 1374 960 1466 spatium
984 1373 1154 1444 habitatio
1182 1384 1353 1467 protractu
1379 1395 1446 1444 non

177 1477 305 1558 luerit,
331 1477 359 1546 si
386 1477 497 1547 evinci
524 1479 632 1568 possit
657 1500 736 1548 vera
753 1491 789 1547 et
807 1477 1034 1549 determinata
1052 1476 1213 1548 voluntas
1236 1477 1314 1548 novi
1338 1476 1447 1547 domi-

174 1581 246 1654 cilii
272 1582 496 1652 contrahendi
522 1605 563 1652 cx
592 1581 693 1652 variis
717 1581 906 1665 adiunctis,
933 1604 1021 1674 quae
1051 1603 1174 1652 novam
1200 1581 1446 1653 habitationem

175 1686 477 1768 concomitantia,
503 1686 716 1758 domicilium
741 1686 846 1756 ctiam
872 1700 1088 1757 contractum
1113 1688 1260 1758 censeri.

249 1792 320 1862 Vll.
348 1789 434 1861 Hinc
459 1791 570 1862 valide
596 1814 654 1862 cos
678 1789 879 1862 contrahere
903 1793 962 1884 qui
988 1814 1090 1862 causa
1115 1790 1247 1861 vitandi
1273 1791 1447 1864 molestias

174 1923 221 1971 cx
247 1897 383 1991 propria
409 1899 442 1966 in
468 1896 570 1967 aliam
601 1908 780 1968 transeunt
813 1897 1008 1987 paroeciam
1032 1897 1060 1965 si
1085 1895 1181 1988 prius
1206 1896 1241 1965 in
1267 1896 1329 1967 bac
1360 1919 1445 1966 nora

178 2005 334 2097 paroecia
354 2004 477 2074 saltem
502 2001 839 2095 quasi-domicilium
864 2003 1122 2083 contraxerint,
1141 2013 1176 2071 et
1194 2015 1314 2093 postca
1331 2002 1448 2072 mutri-

176 2111 331 2180 monium
356 2108 544 2180 celcbrcnt.

247 2214 335 2284 Vlll.
363 2213 502 2284 hlinimc
527 2235 608 2283 vero
635 2235 694 2282 eos
712 2211 822 2284 valide
838 2213 1057 2295 contrahere,
1073 2212 1131 2303 qui
1149 2211 1222 2282 solo
1238 2214 1354 2283 animo
1372 2235 1446 2304 pro-

177 2320 290 2412 prium
316 2319 504 2410 parochum
529 2316 732 2400 fraudandi,
761 2341 804 2388 ex
829 2339 896 2386 una
922 2316 956 2385 in
982 2315 1083 2386 aliam
1112 2327 1287 2386 transeant
1321 2339 1446 2408 paroc-

173 2424 265 2494 ciam
290 2425 372 2515 quin
400 2424 433 2492 in
460 2424 522 2492 hac
547 2422 874 2514 quasi-domicilium
900 2419 1021 2492 saltam
1048 2421 1166 2512 ligant.

249 2530 304 2600 lX.
333 2531 377 2600 m
402 2531 466 2600 hoc
494 2532 605 2622 ipsum
631 2529 736 2600 etiam
763 2528 931 2601 verilicari
955 2528 990 2597 in
1016 2551 1097 2598 casu
1126 2529 1157 2597 in
1183 2549 1251 2620 quo
1287 2528 1403 2618 sponsi
1429 2549 1447 2596 c

177 2637 314 2728 propria
340 2636 495 2727 paroecia
520 2657 607 2726 quac
633 2633 830 2704 tridentinis
855 2633 988 2725 legibus
1012 2633 1212 2715 subiicitur,
1230 2644 1448 2702 transcuntes

175 2742 211 2810 in
238 2741 364 2821 aliam,
391 2741 500 2810 abiis
526 2740 659 2832 legibus
683 2738 857 2820 solutam,
884 2739 932 2808 ibi
957 2737 1163 2809 contrahant
1187 2737 1269 2830 quin
1301 2737 1447 2828 acquisi·

176 2849 291 2917 serint
315 2847 451 2939 aliquod
478 2847 704 2918 domicilium.

248 2955 288 3024 x.
315 2953 413 3023 Haud
440 2966 554 3024 tamcn
571 2954 636 3023 hoc
653 2951 941 3045 quasi-domicilio
966 2951 1118 3041 indigere
1142 2971 1286 3043 sponsos
1301 2969 1447 3040 quorum

174 3083 267 3132 unus
293 3059 426 3128 nullum
450 3058 664 3128 domicilium
692 3057 838 3137 habeat,
864 3079 971 3147 vagus
996 3057 1128 3126 scilicet
1152 3055 1211 3123 sit.

248 3166 303 3236 xt.
320 3166 450 3256 Vagam
465 3163 689 3233 nihilomiuus
707 3187 785 3235 eum
800 3186 867 3233 non
881 3185 956 3234 csse
973 3165 1031 3253 qui
1051 3184 1145 3234 more
1162 3161 1330 3232 nobilium
1347 3160 1449 3230 modo

175 3271 316 3352 inuno,
344 3272 445 3341 ruodo
470 3270 578 3340 altero
603 3269 638 3338 in
664 3268 739 3341 loco
756 3281 928 3350 moratur,
948 3279 1085 3339 retento
1102 3266 1182 3338 alibi
1197 3267 1321 3338 saltem
1335 3267 1449 3358 quasi·

173 3375 375 3458 domicilio,
404 3377 432 3446 si
458 3378 547 3446 forte
572 3375 607 3443 in
633 3397 749 3446 monac
775 3374 860 3445 locis
885 3394 1012 3444 novum
1041 3371 1253 3442 domicilium
1279 3393 1346 3441 non
1372 3392 1449 3439 con·

176 3484 333 3554 traxerit.

228 3691 262 3760 (t)
279 3693 335 3745 Diui
346 3693 368 3746 si
382 3691 449 3746 nihil
461 3707 538 3760 grave
548 3701 708 3760 apparatura
723 3706 784 3744 uam
837 3690 940 3745 stadiae
958 3698 1009 3742 etr.
1023 3703 1075 3742 non
1088 3696 1212 3741 censetur
1224 3685 1404 3752 domicilium,
1415 3686 1447 3739 ad

173 3778 197 3832 si
221 3779 281 3846 quis
308 3793 353 3846 per
384 3791 501 3830 mensem
526 3786 674 3846 perseveret
697 3776 786 3845 aliquo
838 3775 910 3829 hunc
930 3773 1056 3827 ellectum
1076 3770 1109 3825 dc
1128 3772 1315 3840 quotminus,
1343 3778 1449 3823 coutra-

177 3865 202 3913 iu
218 3861 353 3922 loco,solc
368 3863 459 3914 aniano
475 3868 537 3928 puta
553 3861 732 3926 recreationis,
747 3859 785 3913 rel
838 3868 922 3912 ctum.
937 3861 977 3912 De
993 3874 1045 3927 qua
1066 3872 1093 3911 re
1115 3855 1166 3909 rid.
1183 3854 1307 3909 Benedir.
1328 3855 1400 3906 xlv.
1422 3855 1449 3908 in

173 3949 211 3999 sit
229 3952 336 3998 coactus
356 3943 510 3998 habitarein
522 3942 612 4008 domo,
623 3944 724 3997 ratione
739 3961 785 3997 ru·
839 3943 936 3997 celebri
955 3945 1034 3996 lasti.
1054 3947 1086 3995 33
1104 3948 1131 3996 et
1148 3940 1175 3994 in
1194 3941 1285 3994 Const.
1298 3937 1409 3995 Porcia.

683 4225 944 4260 -000-
