3248 5004
505 462 798 510 neursstenansr
832 464 1045 513 errantum.
1378 449 1397 511 o

128 566 254 638 rabant
268 569 388 640 eodem
404 567 482 653 die3
508 568 550 638 ll.
569 569 689 640 aderat
712 570 881 662 quaedam
906 568 1146 643 Communitas
1172 595 1241 644 uno
1264 573 1401 645 circitor

129 673 243 766 lapide
267 699 286 742 a
311 672 500 744 Parachiali
526 674 681 745 Ecclesia
708 687 866 766 separata
913 687 1076 747 constans
1108 677 1230 769 viginti
1262 679 1402 750 circiter·

130 779 299 870 personis.
323 779 370 849 Et
395 778 431 850 S.
452 779 493 851 C.
515 781 712 872 respondit:
734 807 750 847 a
770 779 950 852 Scribatur
974 781 1148 874 Episcopo
1172 795 1211 852 ut
1236 785 1401 855 concedat

132 908 149 948 ι
170 883 225 953 bis
241 883 377 954 Missam
403 883 599 956 celebrandi
617 885 810 968 licentiam,
829 900 1000 978 quatenus
1017 909 1077 957 eae
1097 885 1399 970 circumstantiae,

132 1015 148 1054 s
169 1001 207 1058 et
226 991 400 1083 praecisae
416 991 634 1062 necessitatis
651 1015 750 1062 casus
767 1006 992 1075 concurrant,
1010 1014 1097 1084 quos
1114 991 1291 1066 Benedict.
1311 994 1399 1064 lllll.

131 1122 149 1160 ι
170 1095 205 1164 in
222 1119 283 1164 sua
299 1095 421 1166 Const.
439 1093 628 1166 Declarasti
640 1095 744 1166 nodis.
760 1098 925 1188 requirit3
938 1098 973 1166 io
990 1120 1072 1168 casu
1090 1120 1171 1168 vero
1188 1119 1292 1190 quem
1310 1099 1404 1178 idem

132 1213 282 1271 »orator
307 1200 488 1293 proponit,
509 1204 591 1291 (seu
615 1201 651 1270 in
676 1201 826 1274 secundo
850 1203 952 1296 casu)
979 1201 1154 1274 licentiam
1179 1225 1255 1276 essa
1279 1226 1402 1275 conce·

133 1305 364 1376 edendam.»

200 1408 332 1496 Quuaoo
358 1434 541 1480 aratrorum
556 1436 613 1482 aaa
628 1437 684 1482 asr
699 1437 833 1484 sacuam
853 1437 936 1482 aissa
954 1437 1012 1483 rao
1026 1436 1205 1483 nasuta·
1212 1411 1310 1499 Quod
1325 1415 1401 1484 atti·

128 1527 188 1586 aet
205 1539 287 1587 vero
299 1514 340 1586 ad
354 1515 620 1608 applicationem
633 1517 803 1589 secundae
817 1518 939 1588 Missae
957 1540 1018 1610 pro
1031 1518 1176 1611 populo,
1194 1519 1403 1590 afferebatur·

128 1620 309 1692 llesolutio
320 1621 356 1691 S.
370 1622 409 1690 tl.
425 1619 465 1691 C.
478 1623 512 1690 in
525 1621 651 1692 Lucere.
670 1621 904 1718 applicationis
920 1620 1098 1692 Missurum
1119 1627 1159 1691 li
1176 1622 1292 1694 Martii
1312 1627 1400 1692 tttt

124 1729 162 1796 in
180 1749 248 1818 qua
265 1728 441 1819 proposito
464 1727 587 1798 dubio:
609 1729 691 1798 «An
708 1727 852 1799 Parachi
877 1726 1011 1797 duabus
1036 1727 1201 1800 Ecclesils
1225 1729 1402 1821 parochia·

128 1832 259 1902 »libus
284 1833 499 1926 praepositi,
534 1845 720 1904 teneantur
743 1831 933 1904 Dominicis
965 1831 1111 1924 aliisque
1135 1832 1247 1904 Fastis
1280 1833 1401 1904 diebus

130 1939 307 2008 »Missam
332 1939 367 2007 in
391 1959 597 2030 unaquaque
623 1937 790 2020 Ecclesia,
810 1939 882 2010 sive
900 1961 961 2030 per
977 1960 1015 2010 se
1031 1938 1104 2008 sive
1129 1961 1191 2030 per
1214 1938 1313 2021 alios,
1340 1962 1402 2030 ap·

129 2041 294 2134 aplicare
317 2066 380 2135 pro
408 2043 536 2135 populo
562 2043 732 2113 incasura
762 2065 964 2135 responsum
995 2043 1143 2135 prodiit:
1172 2043 1401 2136 affirmativa,

125 2149 274 2240 exceptis
300 2161 431 2218 tantam
460 2147 633 2241 parochiis
663 2148 769 2217 unitis
814 2149 937 2218 risione
957 2145 1116 2241 plenaria
1139 2162 1171 2217 et
1196 2149 1400 2228 extinctiaa,

125 2267 159 2323 et
183 2253 349 2323 scribatur
375 2252 533 2348 Episcopo
557 2253 654 2322 irrata
677 2254 944 2324 instructionem.
975 2253 1159 2323 lnstructio
1185 2275 1266 2324 vero
1291 2256 1402 2324 conti-

125 2358 253 2430 nebat:
280 2359 315 2431 S.
334 2357 643 2450 Congregationem
656 2399 672 2412 -
684 2380 857 2452 nunquam
873 2357 1062 2438 decollasse,
1078 2358 1167 2450 qrrod
1185 2357 1329 2427 Paraclri
1354 2373 1402 2427 te-

124 2477 273 2534 rreantur
296 2461 514 2558 applicationi
537 2463 750 2558 sirpradictoe
767 2461 887 2534 Missae
900 2486 964 2558 pro
977 2461 1099 2557 populo
1130 2461 1271 2556 sinpalis
1286 2463 1402 2533 diebus

124 2568 313 2640 Dumirticis
329 2583 361 2638 et
378 2569 486 2639 Fertis
520 2570 556 2638 ia
572 2591 772 2663 unoquoque
789 2591 831 2639 etc
846 2567 1005 2639 Ecclesiis
1031 2567 1296 2649 Parachialilras,
1314 2592 1402 2664 quoe

124 2672 179 2744 vel
203 2695 308 2767 oeqrre
328 2673 581 2768 principaliter,
604 2671 657 2743 vel
680 2672 858 2744 sribiectiae
881 2673 1078 2743 coniunctae
1107 2688 1185 2742 artat
1217 2687 1316 2769 atque
1348 2675 1402 2742 in-

123 2792 322 2873 corporatae
330 2805 345 2860 ;
363 2802 440 2849 cum
464 2777 643 2873 applicatio
667 2778 767 2848 tinius
784 2778 1012 2849 tantummodo
1032 2777 1152 2848 Missae
1173 2803 1236 2874 pro
1256 2778 1401 2874 populo,

122 2884 237 2954 locam
254 2883 371 2955 lrabeat
388 2887 424 2953 in
441 2885 485 2954 iis
498 2883 761 2978 parochialibus,
777 2907 863 2978 qaue
879 2885 1023 2953 invicem
1046 2883 1129 2954 adeo
1148 2885 1264 2953 unitae
1280 2897 1311 2955 et
1328 2907 1401 2954 corr·

122 2992 262 3060 iunctae
285 3005 384 3084 atque
408 2991 639 3084 incorporatae
663 3003 764 3068 saint,
787 3003 825 3058 ut
848 3013 890 3060 ea
914 2989 1043 3060 derebus
1066 3013 1135 3059 aaa
1162 3013 1301 3083 prorsas
1323 3013 1400 3060 crim

123 3096 330 3165 extinctione
355 3095 445 3164 titali
469 3094 609 3165 alterius
631 3095 813 3166 evaserit.-

200 3199 237 3271 la
263 3202 435 3294 praesenti
467 3216 585 3272 autem
616 3202 708 3272 facto
738 3202 897 3293 quamvis
923 3224 965 3270 ex
990 3199 1146 3272 deductis
1171 3221 1239 3270 non
1266 3212 1401 3291 poterat

125 3319 225 3378 cento
248 3307 470 3378 determinari
490 3320 613 3376 natura
639 3307 795 3388 unionis,
828 3304 1168 3376 animadvertebatur
1191 3316 1305 3374 tamen
1331 3327 1400 3374 non

121 3411 244 3483 deesse
271 3411 409 3493 indicia,
428 3433 516 3504 quae
534 3411 738 3483 videbantur
762 3410 946 3483 excludere
972 3411 1161 3504 plenariam
1180 3423 1217 3481 et
1237 3411 1400 3482 extincti-

127 3539 207 3588 vam
234 3518 409 3588 unionem.

197 3621 380 3692 Caeterum
414 3621 708 3712 subiungebatur,
734 3621 764 3690 si
793 3620 936 3691 Parachi
966 3623 1090 3693 iterare
1123 3620 1261 3691 Missam
1295 3620 1399 3693 debc-

123 3740 227 3809 rent,
258 3749 324 3796 non
352 3728 487 3798 ratione
523 3726 672 3818 duplicis
704 3726 904 3807 Paroeeiae,
935 3727 995 3798 sed
1022 3727 1238 3798 solummodo
1266 3729 1399 3798 ratione

122 3832 364 3915 necessitatis,
382 3833 541 3923 quamvis
557 3833 743 3903 secundam
762 3832 899 3903 Missam
917 3833 960 3902 ad
977 3833 1114 3903 libitum
1133 3831 1305 3926 applicare
1323 3856 1400 3924 pos·

122 3950 222 4016 sent,
241 3936 371 4006 nullam
397 3951 513 4008 tamen
538 3959 600 4030 pro
624 3937 688 4008 lrac
706 3936 936 4009 celebratione
961 3939 1114 4030 recipere
1139 3961 1243 4030 posse
1310 3938 1400 4008 elce-

123 4061 326 4134 mosynam5
344 4042 436 4134 quod
460 4042 527 4112 dici
553 4043 658 4113 etiam
682 4042 785 4113 debet
802 4043 845 4114 de
861 4042 1017 4135 quolibet
1033 4043 1218 4114 Sacerdote
1243 4042 1302 4134 qui
1323 4044 1400 4112 nul-

126 4147 196 4216 lam
221 4147 347 4220 habeat
371 4149 563 4219 animarum
580 4170 717 4228 curam,
736 4172 799 4220 ceu
817 4149 953 4226 omissis
970 4149 1116 4230 ceteris,
1134 4149 1315 4220 delinitum
1333 4145 1400 4218 luit

125 4255 164 4322 in
181 4250 397 4324 Camerocea.
412 4252 531 4324 Missae
539 4276 607 4343 pro
619 4252 745 4348 Populo
763 4257 806 4323 25
826 4252 992 4349 sepierit.
1015 4257 1115 4324 tuta.
