3282 5008
193 410 260 479 ll!
486 431 651 480 accusatu
669 433 813 483 canoutz.
830 435 859 481 a.
876 431 1037 481 estuante
1057 430 1177 480 coram.

182 544 288 607 sexto
313 533 393 605 ldus
418 534 545 628 Aprilis
570 537 738 608 vertentis
762 534 843 607 anni
868 557 983 607 coram
1010 532 1129 606 eodem
1153 527 1378 604 Sanctisstmo
1394 528 1464 602 llo-

182 640 282 712 mino
316 641 446 712 habitis
479 641 799 714 Reverendissimus
821 639 1013 714 Cardiualis
1045 639 1167 732 loseph
1191 637 1357 721 uonna,
1385 637 1463 708 loco

184 746 479 819 Reverendissimi
502 747 692 820 Cardinalis
708 749 822 822 Caroli
839 748 971 822 aloisii
996 746 1173 819 lloriclriui
1198 745 1363 826 absentis,
1383 767 1465 837 pro·

186 852 302 943 posuit
325 853 471 924 dubium
490 878 563 925 een
579 869 649 925 tato
670 854 807 948 procedi
827 855 931 949 possit
955 853 1000 924 ed
1023 851 1204 922 solemnem
1227 848 1355 920 Baetae
1378 847 1463 919 Ger·

185 980 307 1028 manee
325 957 448 1031 Caenia
467 959 788 1033 canonizationem?
802 989 816 1026 n
837 972 872 1032 et
889 981 1010 1032 omnes
1034 955 1322 1030 Reverendissimi
1340 955 1461 1026 Patres

181 1061 385 1136 Cardinales
401 1068 573 1160 simulque
589 1068 815 1140 Consultores
839 1067 1083 1138 affirmativum
1101 1065 1224 1138 dedere
1241 1085 1456 1156 responsum.

259 1171 410 1243 «Verum
422 1172 648 1244 Beatissimus
661 1174 763 1245 Pater
776 1175 888 1246 noluit
904 1174 996 1246 illico
1009 1197 1107 1245 suam
1126 1173 1272 1266 pandere
1291 1182 1458 1250 mentem,

183 1279 389 1371 monuitque
421 1281 620 1364 adstantes,
648 1295 687 1353 ut
712 1305 831 1353 secum
855 1283 992 1354 enixius
1016 1282 1167 1351 divinam
1193 1289 1377 1352 exorarent
1400 1276 1462 1347 Sa·

183 1386 370 1478 pientiam,
389 1387 479 1456 utin
497 1385 626 1458 lumine
644 1410 706 1457 suo
731 1386 847 1457 lumen
874 1386 948 1477 ipse
972 1385 1117 1458 videret.
1146 1383 1299 1474 Denique
1325 1380 1461 1451 hodier-

185 1513 265 1562 nam
290 1492 483 1584 designavit
507 1493 620 1574 diem,
648 1493 863 1564 Dominicam
889 1515 1014 1584 nempe
1039 1493 1225 1584 septimam
1241 1500 1319 1582 post
1335 1488 1461 1558 Pente-

180 1613 316 1672 costen.
336 1600 551 1693 Proindeque
574 1600 748 1672 Sanctitas
765 1598 833 1670 Sua
850 1599 885 1669 in
903 1601 990 1670 Arce
1006 1597 1203 1689 Gandulphi
1227 1615 1456 1672 commorans,

184 1705 280 1796 prius
315 1703 464 1775 Salutari
497 1705 617 1776 Hostia
641 1707 675 1776 in
706 1707 841 1799 privato
873 1706 1009 1776 aedium
1047 1703 1302 1775 Pontificalium
1332 1698 1458 1770 sacello

183 1809 338 1901 piissime
362 1811 498 1892 oblata,
524 1812 566 1882 ad
591 1814 678 1885 hane
712 1813 943 1907 parochialem
976 1812 1129 1884 eiusdem
1157 1811 1254 1880 Arois
1279 1807 1459 1882 ecclesiam

184 1940 220 1988 se
245 1919 418 2004 contulit;
443 1920 559 2014 ibique
588 1935 769 2015 postquam
795 1922 899 1993 Sacro
930 1919 1121 1990 adstitisset
1145 1917 1186 1986 ad
1213 1939 1250 1986 se
1278 1913 1460 1986 accersivit

183 2021 523 2096 Reverendissimum
555 2027 740 2099 Dominum
777 2027 994 2100 Cardinalem
1030 2023 1299 2096 Constantinum
1331 2019 1458 2090 Patrizi

183 2126 394 2222 Episcopum
408 2131 634 2206 Portuensem
653 2149 688 2208 et
705 2136 741 2206 S.
757 2135 922 2217 Bollane,
940 2131 1191 2221 Samniumque
1208 2127 1353 2196 Rituum
1369 2125 1460 2195 Con-

181 2237 373 2329 gregationi
402 2237 637 2321 Praefectum,
664 2254 769 2332 atque
794 2239 1132 2313 Reverendissimum
1162 2232 1380 2305 Cardinalem
1407 2231 1459 2302 lo-

181 2342 327 2435 sephum
345 2343 490 2415 Bolondi
508 2345 639 2418 Causae
656 2345 855 2417 Relatorem
880 2367 948 2416 una
973 2366 1052 2414 cum
1071 2343 1113 2412 ll.
1131 2341 1170 2412 P.
1191 2339 1295 2411 Petro
1321 2338 1456 2409 Minetti

179 2447 327 2520 Sanctae
345 2449 438 2522 Fidei
452 2449 654 2524 Promotore
671 2465 707 2525 et
725 2477 780 2524 me
799 2451 1017 2545 infrascripto
1034 2448 1244 2529 Secretnrio,
1264 2445 1456 2537 iisdemque

180 2553 397 2625 adstantibus
413 2557 479 2627 rite
497 2558 737 2649 pronunciarit
758 2573 856 2628 ntnto
870 2555 1007 2652 procedi
1019 2577 1116 2649 posse
1128 2553 1173 2624 ed
1184 2549 1364 2624 solemnem
1373 2550 1458 2621 Beo-

180 2671 235 2726 tae
261 2655 451 2729 Germanae
477 2659 600 2732 Genesin
626 2662 957 2735 Cottoninntionem.»

253 2760 468 2834 «Decretum
492 2767 558 2838 hoe
582 2768 712 2862 publici
736 2769 822 2838 iuris
847 2769 942 2849 lieri,
960 2766 994 2836 in
1012 2762 1194 2835 Sacrorum
1208 2763 1353 2834 Rituum
1369 2760 1456 2832 Con·

180 2865 389 2956 gregationis
413 2880 488 2939 acta
515 2871 655 2954 referri,
682 2872 883 2963 litterasque
916 2866 1131 2963 apostolicas
1156 2869 1222 2938 sub
1247 2867 1388 2961 plumbo
1412 2867 1455 2938 de

179 2969 356 3043 solemniis
379 2972 657 3049 Canonizationis
682 2980 716 3048 in
741 2977 965 3048 Patriarchali
989 2974 1134 3045 Basilica
1159 2972 1323 3045 Vaticana
1348 2995 1455 3066 quan-

179 3076 374 3170 documque
398 3079 612 3154 celebrandis
645 3083 799 3178 expediri
831 3081 1009 3153 mandavit.
1033 3080 1166 3151 decimo
1196 3079 1361 3151 kalendas
1385 3081 1455 3149 Au·

178 3181 271 3272 gusti
296 3183 376 3253 anni
402 3185 674 3259 MDCCCLXV.»

249 3364 290 3436 C.
317 3367 510 3462 Episcopus
533 3366 684 3442 Portuen
724 3381 761 3442 et
784 3366 819 3439 S.
840 3365 986 3437 Rufinae
1010 3363 1112 3436 Card.
1140 3359 1450 3434 annesae.

181 3472 394 3548 l‘raelectus.

807 3603 841 3658 D.
861 3601 1025 3657 ottranni
1042 3597 1072 3654 S.
1090 3598 1125 3652 ll.
1143 3599 1174 3654 C.
1192 3595 1369 3652 secretarius.
