3248 5004
594 389 799 438 tursunrsnrr
817 388 1020 437 sronsttrus.
1398 368 1444 434 77

240 493 439 566 Ancorsnrs
458 518 516 564 rao
535 517 723 564 sronssnua
742 516 930 564 nuttrrnre.
953 493 1078 564 Verum
1103 491 1445 566 animadvertebatur

167 600 485 693 pariter-caofficio,
500 601 656 692 graviora
672 600 846 671 rationum
864 610 1038 670 momenta
1051 597 1200 670 militare
1217 597 1333 671 lavore
1344 597 1441 670 Titii.

166 703 387 798 Sponsalium
415 706 509 776 enim
540 717 741 776 contractus
772 703 961 774 bilateralis
997 717 1078 786 est,
1112 714 1216 794 atque
1248 702 1329 774 hinc
1362 703 1442 774 inde

167 833 353 896 onerosus;
374 835 413 882 ac
433 825 618 904 propterea
643 834 710 882 non
736 809 865 881 sufficit
889 808 931 882 ad
956 809 1031 881 eius
1055 808 1269 880 validitatem
1296 820 1335 879 ut
1363 831 1443 902 pro-

167 917 287 988 missio
311 917 354 986 ab
379 939 446 986 una
471 927 608 987 tantum
633 927 732 1008 parte
756 914 1011 1007 proficiscatur,
1031 914 1092 984 sed
1115 914 1217 983 unius
1241 914 1442 1006 promissio·

166 1045 276 1106 aem,
314 1022 457 1094 alterius
490 1022 711 1115 repromissio
743 1021 906 1113 subsequi
938 1020 1053 1092 debet.
1081 1019 1116 1091 S.
1145 1019 1374 1112 Congregatio
1398 1019 1438 1090 C.

164 1129 204 1196 in
220 1126 419 1198 delevitono
431 1126 637 1222 sponsalium
659 1131 699 1198 ¹8
716 1123 836 1222 aprilis
856 1127 944 1197 1863
961 1139 994 1196 et
1005 1127 1145 1219 possim.
1160 1125 1231 1196 Nec
1248 1127 1333 1196 satis
1350 1141 1441 1198 esset

162 1234 210 1304 ad
234 1232 406 1326 sponsalia
431 1232 623 1304 inducenda
647 1233 675 1304 si
700 1254 768 1303 uua
792 1254 871 1325 pars
894 1231 1094 1324 promittat,
1113 1231 1274 1303 etaltera
1294 1232 1441 1326 promis-

165 1341 300 1411 sionem
324 1349 494 1432 acceptet.
521 1337 602 1408 llari
626 1339 719 1410 enim
743 1351 857 1430 potest
874 1350 913 1407 ut
931 1337 1009 1430 quis
1025 1349 1182 1430 acceptet
1199 1337 1343 1408 alterius
1358 1336 1441 1408 obli-

163 1445 363 1536 gastonem,
381 1457 549 1516 ettamen
574 1443 725 1536 seipsum
742 1444 889 1515 liberum
907 1466 1042 1515 servare
1061 1443 1155 1514 velit.
1172 1444 1267 1514 Hanc
1284 1456 1441 1535 accepta-

166 1552 297 1621 tionem
337 1552 415 1623 loco
450 1549 727 1642 repromissionis
766 1549 905 1632 valere,
939 1572 1003 1621 ceu
1036 1549 1133 1620 aiunt
1165 1547 1372 1621 Canonistae
1405 1562 1441 1620 et

166 1653 358 1748 Theologi,
385 1656 522 1747 quoties
546 1656 671 1728 mulier
693 1656 846 1749 alioquin
870 1657 1032 1738 honesta,
1050 1655 1261 1748 acceptando
1278 1655 1342 1725 viri
1362 1677 1442 1746 pro·

170 1761 370 1834 missionem
395 1763 447 1832 sui
467 1762 620 1856 corporis
644 1762 778 1855 copiam
804 1763 869 1854 ipsi
895 1762 1028 1834 lecerit.

238 1868 285 1936 nt
308 1868 502 1939 huiusmodi
527 1879 680 1940 extrema
706 1868 740 1936 in
766 1869 939 1959 praesenti
957 1889 1059 1938 causa
1077 1889 1145 1938 non
1163 1866 1370 1939 videbantur
1386 1890 1439 1937 ve·

167 1973 313 2054 rilicari,
347 1996 426 2044 nam
460 1975 541 2046 licet
565 1974 607 2045 de
634 1974 715 2043 Titii
746 1973 973 2065 promissione
1006 1973 1156 2043 dubitari
1182 1995 1249 2043 non
1275 1985 1438 2066 poterat,

163 2079 251 2148 baec
276 2091 392 2150 tamon
418 2081 533 2172 potius
558 2077 714 2150 velleitas
751 2091 786 2148 et
819 2077 923 2148 animi
949 2091 1069 2149 votum
1095 2077 1301 2160 ridebatur,
1335 2100 1439 2171 quam

164 2207 247 2256 vera
270 2187 452 2278 promissio
476 2209 556 2256 cum
583 2185 774 2255 intentione
799 2207 873 2255 sese
898 2183 1082 2274 obligandi.
1110 2183 1186 2275 lpse
1212 2185 1304 2255 enim
1327 2186 1369 2256 de
1386 2184 1441 2254 bis

164 2290 299 2382 nuptiis
320 2291 498 2372 ineundis,
525 2289 631 2360 aede
656 2290 912 2380 dispensatione
937 2289 1122 2360 obtinenda
1149 2287 1233 2357 nihil
1260 2289 1326 2358 luit
1351 2289 1441 2360 solli·

160 2395 268 2466 citus.
295 2396 368 2468 lmo
391 2396 527 2468 etiamsi
554 2418 596 2465 er
621 2395 736 2464 animo
759 2394 999 2487 promisisset,
1026 2415 1105 2464 cum
1130 2392 1253 2464 nullibi
1284 2393 1441 2464 mulieris

162 2503 386 2594 repromissio
422 2499 728 2595 deprehendatur,
762 2499 881 2573 deerat
912 2499 995 2571 illud
1026 2500 1117 2593 quod
1145 2500 1188 2570 ad
1220 2511 1439 2574 contractum

158 2607 376 2700 sponsalium
401 2607 682 2679 constituendum
708 2607 908 2700 requiritur.

234 2712 303 2786 Nec
321 2726 480 2806 stuprum
497 2712 570 2783 sire
587 2712 738 2784 incestus
754 2736 857 2806 quem
876 2713 1001 2786 mulier
1016 2735 1114 2805 passa
1131 2725 1197 2796 est,
1214 2714 1302 2784 hanc
1319 2736 1436 2807 repro-

161 2819 363 2891 missionem
395 2817 556 2909 supplere
585 2818 776 2890 ridebatur.
800 2817 886 2889 Nam
907 2819 1240 2912 praeterquamquod
1271 2843 1314 2891 ex
1339 2820 1440 2912 depo·

161 2924 292 2998 sitione
317 2923 462 2995 testium
488 2924 640 2995 incertus
664 2923 865 2996 remanebat
889 2925 1000 3018 stupri
1025 2937 1163 3006 auctor,
1181 2946 1319 3018 semper
1339 2924 1439 2995 dubi-

162 3032 308 3103 tandum
337 3044 533 3121 supererat,
561 3043 678 3101 utrum
704 3029 893 3124 explendae
917 3029 1069 3102 libidinis
1093 3053 1223 3113 causa,
1249 3053 1293 3100 an
1321 3031 1438 3103 animo

160 3134 390 3211 contrahendi
407 3136 665 3208 matrimonium
683 3137 717 3206 in
736 3148 870 3208 tantum
888 3137 983 3208 nelas
1000 3136 1082 3208 Cala
1098 3136 1331 3220 consenserim
1343 3159 1440 3228 prae·

160 3243 284 3314 sertim
302 3262 381 3310 cum
396 3265 438 3314 ex
455 3242 568 3313 allatis
585 3243 728 3315 testium
746 3242 1045 3335 depositionibus,
1062 3244 1105 3314 de
1130 3243 1239 3335 ipsius
1255 3242 1437 3316 honestate

160 3369 232 3419 non
259 3367 379 3438 parum
405 3349 569 3441 suspicari
596 3349 731 3421 liceret.

236 3448 445 3534 Caeterum,
470 3453 761 3546 subiungebatur,
782 3466 817 3525 et
834 3453 918 3524 illud
940 3454 1124 3546 praecipue
1153 3453 1437 3546 perpendendum

159 3558 197 3628 in
222 3579 305 3628 casu
329 3579 527 3641 occurrere,
547 3559 723 3632 vinculum
749 3559 908 3632 videlicet
933 3559 1253 3650 consanguinitatis.
1272 3559 1437 3646 Quamvis

159 3661 348 3745 Doctores,
383 3685 462 3734 cum
494 3665 608 3758 agitur
636 3665 930 3758 desponsalibus
963 3664 1028 3734 sub
1059 3666 1255 3738 conditione
1288 3667 1385 3738 initis
1417 3692 1436 3739 a

157 3769 444 3862 consanguinem,
471 3769 648 3841 dnmmodo
675 3771 833 3844 Summus
854 3771 1012 3860 Pontifex
1035 3770 1214 3864 dispenset,
1231 3773 1265 3842 in
1284 3773 1436 3844 diversas

156 3873 286 3944 abeant
303 3878 513 3957 sententias,
533 3890 567 3947 et
584 3899 647 3970 pro
664 3876 823 3949 nullitate
841 3874 1035 3946 subscribat
1048 3875 1163 3946 Abbas
1180 3879 1216 3946 in
1236 3876 1318 3973 Cap.
1336 3902 1436 3973 super

158 4001 198 4048 eo
223 3977 265 4050 de
288 3980 413 4051 condit.
431 4004 509 4076 opp.
527 4005 621 4052 num.
649 3987 692 4068 83
717 4007 780 4076 pro
806 3982 983 4053 validitate
1011 4003 1090 4053 vero
1115 3994 1185 4054 stet
1210 3983 1363 4056 Sancbez
1394 3986 1436 4056 de

158 4083 308 4155 Matrim.
328 4085 386 4156 tit.
409 4091 480 4158 tn.
504 4092 557 4156 ld.
578 4087 629 4159 De
647 4088 749 4159 lustis
765 4087 806 4158 de
830 4088 1011 4182 dispensat.
1030 4085 1087 4154 tit.
1108 4091 1128 4156 ἢ
1146 4111 1219 4183 cop.
1241 4091 1253 4156 1
1277 4112 1312 4158 a.
1329 4094 1373 4161 78
1391 4091 1437 4162 od

153 4195 218 4272 88,
236 4190 423 4265 dummodo
444 4193 566 4267 saltem
600 4195 887 4286 impedimentum
913 4193 981 4264 tale
1006 4192 1052 4262 sit
1076 4217 1180 4286 snper
1204 4217 1273 4287 quo
1298 4197 1436 4289 dispen-

155 4296 246 4367 satio
274 4299 415 4371 concedi
449 4299 557 4370 soleat
571 4322 583 4384 ;
609 4301 642 4369 in
668 4301 766 4394 praxi
792 4312 907 4371 tamen
934 4300 1001 4368 iam
1029 4313 1165 4393 recepta
1195 4325 1271 4376 esse
1296 4304 1435 4376 ridetur

156 4402 273 4495 potius
298 4406 421 4498 prima,
448 4427 552 4498 qnam
577 4406 684 4478 altera
711 4407 899 4488 sententia,
926 4406 1063 4476 etiamsi
1090 4420 1212 4498 agatur
1229 4409 1271 4480 do
1289 4409 1435 4503 impedi-
