3248 5004
182 401 227 470 ⁴0
347 421 511 470 DECRETU!
530 421 624 468 suren
643 421 804 470 bssPdllll!
821 421 900 470 Olssd
918 419 991 469 tan.
1008 423 1088 470 ΑΜΕ
1106 424 1150 470 SS.
1162 423 1291 471 stenar.

181 525 302 596 contio.
329 523 417 598 lliuc
442 523 596 597 Ecclesia
615 525 785 598 coutitur
810 525 843 595 in
869 526 975 596 sacris
1000 526 1124 597 ritibus
1149 524 1449 598 benedictionibus

181 629 499 703 consecrationibus
509 643 640 715 etc.;et
653 630 752 724 plura
770 631 893 701 similia
907 630 1092 714 adducens,
1104 630 1250 703 indicata
1263 629 1329 702 olei
1341 629 1452 701 oliva-

180 755 258 804 rum
274 735 422 827 origine,
441 734 756 818 animadvertebat,
771 733 871 827 plane
887 735 980 806 aliud
996 735 1062 807 dici
1080 733 1204 807 debere
1221 735 1263 806 de
1284 757 1337 816 co,
1356 734 1448 828 quod

180 835 364 932 petrolcum
395 837 534 910 dicitur.
560 836 652 910 llaec
676 839 768 911 enim
793 840 836 911 de
861 861 902 910 eo
927 840 961 909 in
986 838 1150 933 Chymicu
1175 838 1276 932 periti
1299 838 1447 910 docent:

180 941 373 1035 petroleum
398 956 451 1015 est
475 943 609 1037 specics
632 943 815 1015 bituminis
839 943 982 1038 liquidi,
1015 943 1108 1036 quod
1132 942 1196 1014 sub
1220 956 1311 1017 tona
1334 944 1450 1037 progi-

179 1047 297 1139 gnitur
320 1070 364 1119 ex
387 1047 682 1139 decompositionc
714 1048 894 1140 organicae
926 1049 1163 1134 substantiac;
1187 1048 1243 1119 hic
1265 1048 1379 1141 liquor
1402 1048 1449 1116 si·

179 1153 273 1224 milis
308 1152 394 1226 oleis
424 1151 622 1224 volatilibus
673 1153 891 1248 componitur
920 1176 965 1227 ex
988 1153 1179 1226 carburetis
1209 1152 1451 1246 hydrogenicis

179 1257 273 1330 varie
296 1257 516 1341 commixtis,
543 1269 579 1330 et
603 1257 680 1330 ideo
705 1280 840 1331 summe
865 1259 1129 1331 combustibilis.
1157 1257 1273 1351 Neque
1297 1257 1364 1329 luit
1388 1280 1453 1328 an·

182 1361 286 1454 tiquis
314 1362 473 1454 ignotus,
506 1363 587 1457 qui,
622 1383 686 1435 ceu
719 1363 861 1434 tradunt
894 1362 1067 1435 Erodotus
1094 1364 1228 1435 Plinius
1251 1374 1286 1435 et
1309 1361 1454 1434 Diosco-

181 1467 295 1551 rides,
321 1489 363 1540 eo
387 1467 575 1539 utebantur
599 1467 634 1537 in
659 1467 849 1540 medicinae
874 1467 1017 1550 usibus,
1044 1491 1083 1539 ac
1107 1468 1311 1561 praesertim
1335 1467 1376 1537 ad
1396 1468 1453 1537 lu-

180 1595 256 1646 cem
287 1570 479 1644 habendam
515 1584 551 1645 et
582 1573 732 1646 calorem
765 1573 924 1645 ciendum
965 1574 1129 1646 Attamen
1154 1585 1296 1667 propter
1318 1572 1448 1642 malum

181 1679 339 1760 odorem,
359 1676 513 1750 ciusdem
537 1699 622 1748 usus
644 1699 712 1750 non
738 1675 884 1749 invaluit
902 1675 950 1772 (si
974 1678 1126 1770 excipias
1148 1677 1272 1750 Persas
1296 1676 1451 1769 aliosque

180 1782 283 1854 Asiae
306 1781 474 1876 populos)
501 1781 567 1852 nisi
590 1782 766 1875 praesenti
791 1795 924 1866 aetate,
944 1783 1085 1854 invento
1110 1783 1212 1854 modo
1236 1805 1305 1876 quo
1329 1805 1455 1876 expur-

181 1900 307 1984 getur,
334 1909 402 1980 qua
425 1888 674 1980 expurgatione
698 1910 766 1960 non
792 1901 951 1960 accurate
975 1900 1138 1980 peracta,
1165 1899 1302 1980 praeter
1323 1900 1446 1958 tetrum

179 1992 342 2073 odorem,
368 1990 508 2084 gignere
532 2002 649 2085 potest
673 1992 779 2065 etiam
803 1991 1020 2085 explosioues
1045 2003 1081 2063 et
1105 1990 1276 2062 incendia.

250 2093 363 2182 Quare
388 2094 618 2167 concludebat
633 2094 833 2182 Consultor,
853 2099 888 2168 in
912 2121 950 2171 re
974 2103 1016 2169 de
1039 2119 1107 2189 qua
1127 2097 1278 2188 agimus,
1298 2095 1451 2166 adbiberi

181 2200 307 2273 debere
331 2198 501 2272 olivarum
526 2200 663 2286 oleum,
690 2215 837 2296 excepto
861 2202 1079 2276 necessitatis
1102 2223 1184 2272 casu
1209 2222 1253 2272 cx
1278 2200 1375 2271 totali
1395 2200 1456 2270 de-

181 2303 333 2382 ficientia
364 2303 518 2378 eiusdem
551 2302 631 2378 olei.
657 2304 752 2393 Quae
785 2307 1010 2378 confirmabat
1043 2305 1249 2378 auctoritate
1277 2305 1313 2376 S.
1339 2304 1452 2375 Caroli

181 2409 380 2482 Borramaei
406 2412 440 2480 in
466 2411 541 2481 rlct.
560 2410 695 2484 dlediol.
717 2437 755 2508 p.
775 2420 810 2482 t.
831 2413 994 2485 uLumen
1020 2412 1217 2506 lampadum
1241 2410 1318 2482 oleo
1342 2411 1457 2480 olivae

186 2543 201 2582 a
223 2517 417 2599 nutrietur,
444 2538 507 2588 nec
532 2539 613 2589 vero
642 2518 785 2589 alterius
813 2520 949 2610 generis
980 2517 1203 2601 adhibeatur,
1231 2517 1295 2587 nisi
1327 2516 1453 2608 quibus

186 2620 305 2691 »locis
329 2619 618 2714 Arcbiepiscopus
643 2621 687 2694 ob
713 2644 788 2694 eam
812 2646 950 2694 causam
976 2624 1197 2705 concesserit,
1215 2622 1295 2714 quia
1320 2619 1456 2690 nullum

185 2751 201 2793 a
222 2725 297 2795 eius
320 2725 456 2816 generis
479 2724 597 2796 baberi
624 2739 739 2820 potest
757 2753 773 2793 a
793 2739 829 2799 et
845 2727 927 2798 alibi
945 2729 979 2798 in
998 2725 1055 2798 Xl.
1070 2727 1154 2823 Spu.
1169 2727 1282 2798 llioec.
1303 2725 1371 2797 Nec
1385 2747 1452 2796 rron

183 2829 353 2900 Caralieri
378 2831 413 2899 iu
445 2827 573 2902 comm.
600 2830 723 2903 decret.
752 2831 790 2904 S.
811 2830 850 2905 C.
870 2832 940 2904 Rit.
961 2840 1026 2903 tt
1059 2856 1090 2904 c.
1111 2833 1219 2904 iidoc.
1250 2836 1289 2902 lb
1310 2832 1455 2902 culeum

187 2957 291 3028 »quo
315 2934 469 3004 nutritur
494 2935 663 3007 eiusmodi
688 2937 805 3010 lumen
831 2937 934 3010 debet
959 2961 1033 3011 esse
1051 2962 1094 3011 cx
1111 2937 1211 3012 olivis
1236 2957 1455 3028 expressum,

186 3063 285 3112 nnec
310 3040 453 3111 alterius
489 3042 624 3133 generis
656 3043 853 3116 admittitur
876 3044 1016 3126 oleum,
1045 3045 1112 3115 nisi
1137 3043 1196 3115 ubi
1221 3042 1303 3113 illud
1334 3041 1455 3112 baberi

187 3173 203 3212 a
223 3168 291 3218 non
315 3146 437 3239 possit.
455 3172 471 3214 u
492 3145 579 3217 ltem
604 3147 788 3221 Barud'aldi
813 3150 849 3220 in
876 3148 1004 3224 Comm
1023 3149 1094 3221 Rit.
1112 3171 1197 3219 rom.
1216 3148 1268 3217 tit.
1288 3145 1330 3216 de
1348 3144 1458 3217 SSirio

184 3252 291 3322 auca.
310 3274 395 3322 socr.
416 3275 452 3321 a.
471 3255 528 3324 73.
550 3281 566 3322 u
578 3255 711 3325 Lumen
730 3279 811 3328 vero
831 3256 999 3350 lampadis
1024 3257 1100 3330 oleo
1125 3256 1235 3327 olivae
1260 3254 1455 3333 nutriatur,

186 3379 285 3428 urrec
310 3357 453 3429 alterius
478 3359 613 3450 generis
637 3359 870 3432 adhibendum
895 3375 969 3445 est,
996 3361 1060 3432 nisi
1086 3360 1213 3454 quibus
1243 3359 1327 3431 locis
1355 3357 1457 3430 Ordi-

186 3463 338 3534 annrius
362 3460 406 3532 ob
431 3485 507 3533 eam
532 3487 671 3536 causam
695 3467 927 3550 concesserit,
955 3467 1036 3560 quia
1062 3466 1195 3535 nullum
1219 3465 1294 3536 eius
1319 3463 1455 3557 generis

188 3567 343 3639 chaberi
368 3567 514 3658 possit.»

302 3781 354 3852 Ex
379 3803 489 3860 oureus
514 3805 671 3854 coiciens.
926 3877 928 3881 Α

254 3889 281 3959 l.
307 3887 457 3960 Omnino
481 3889 682 3972 convenire,
712 3889 818 3963 etiam
842 3891 878 3959 in
904 3890 972 3960 illis
1003 3890 1157 3962 materiis
1190 3910 1278 3980 quae
1302 3888 1344 3957 ad
1370 3889 1458 3959 divi·

183 4017 268 4068 num
293 3992 426 4066 cultum
450 3992 687 4082 destinantur,
716 3997 945 4068 venerandam
971 3997 1216 4088 antiquitatem
1241 4015 1389 4065 servare.

256 4097 298 4170 ll.
325 4098 531 4170 Praesertim
558 4123 640 4173 vero
664 4103 692 4172 si
718 4103 885 4174 eiusmodi
919 4104 1084 4174 materiae
1113 4103 1261 4194 aliquam
1287 4100 1457 4170 secumie

185 4220 264 4278 rant
288 4205 426 4297 mystici
451 4204 538 4296 signi
565 4207 746 4278 rationem.

256 4308 312 4381 lll.
338 4306 452 4395 Quare
477 4309 644 4401 quidquid
670 4312 860 4384 novitatem
885 4312 989 4382 etiam
1008 4313 1042 4382 in
1060 4313 1154 4383 hisce
1180 4309 1284 4380 rebus
1308 4307 1461 4388 redolet,

183 4413 343 4512 quamvis
367 4415 432 4485 sub
457 4413 523 4486 alio
547 4428 707 4509 respectu
735 4418 788 4489 vel
815 4419 959 4490 minoris
984 4419 1149 4490 momenti
1184 4415 1237 4487 rel
1263 4413 1349 4487 utile
1382 4439 1463 4488 esse
