3282 5008
528 395 682 444 cresccre
699 394 800 452 auaro
818 393 913 440 srcnr
928 391 1096 439 ureretur.
1383 369 1443 436 tat

173 499 327 592 positum
351 498 494 570 dubium
518 497 711 590 respondit:
730 495 942 590 Affirmotiae
957 492 1066 588 quoae
1088 494 1202 564 omnin
1225 489 1385 564 utensilia
1403 490 1449 562 nd

172 601 302 674 Altaria
316 618 348 674 et
367 600 522 698 Capellae
537 617 693 673 ornatam
712 601 911 672 necessario.

248 819 298 890 Ex
324 841 365 888 us
389 840 547 890 occurens:

245 924 271 994 1.
290 925 549 1020 luspatronatus
565 924 693 997 liberae
706 925 866 1018 Capellae
881 927 915 996 in
929 925 1074 999 ecclesia
1087 924 1309 1017 Regularium
1327 934 1443 994 extan-

176 1031 234 1113 tis,
250 1032 442 1103 consistens
457 1031 673 1102 solummodo
704 1032 738 1100 io
752 1031 915 1123 praelatis
927 1031 1060 1102 iuribus
1073 1019 1281 1111 honorificis,
1296 1029 1445 1101 obtineri

177 1159 239 1228 per
255 1136 475 1227 Regularium
491 1157 710 1216 consensum,
729 1136 915 1207 accedente
925 1135 1124 1226 Apostolico
1139 1133 1372 1227 Beneplacito.

245 1241 285 1311 ll.
312 1241 413 1328 Quod
435 1243 573 1334 quidem
599 1240 859 1334 Beneplacitum
884 1240 1012 1332 sperari
1038 1240 1172 1311 utiliter
1195 1250 1310 1331 potest
1334 1238 1378 1310 ab
1403 1260 1445 1309 eo

174 1349 234 1440 qui
260 1359 478 1439 patronatum
503 1347 659 1438 quaerit,
676 1346 787 1416 sirim
804 1347 971 1437 pecuniae
988 1344 1165 1438 impendat
1181 1366 1244 1436 pro
1261 1342 1444 1434 redigenda

176 1451 313 1544 Capella
339 1453 374 1521 in
399 1452 541 1523 sormam
576 1441 846 1542 elegantiorem,
874 1461 910 1520 et
935 1450 1032 1519 iuxta
1064 1447 1317 1541 praescriptum
1347 1446 1442 1517 Sacr.

177 1557 372 1640 (lenonum,
391 1580 492 1629 onera
509 1555 637 1648 quibus
653 1553 787 1648 patroni
805 1575 847 1623 ex
866 1553 939 1623 iure
956 1566 1143 1643 gravantur
1158 1551 1192 1620 in
1210 1573 1247 1624 se
1263 1549 1443 1641 suscipiat.

245 1662 302 1732 ΙΙΙ.
321 1662 535 1754 Proindeque
551 1662 617 1732 hon
635 1661 708 1730 iure
723 1659 888 1740 obtento,
907 1656 1102 1728 huiusmodi
1122 1657 1291 1727 Patronus
1306 1666 1445 1748 praeter

175 1769 347 1859 impensas
371 1781 527 1858 erogatas
551 1767 586 1835 in
611 1764 769 1858 Capellae
795 1763 1101 1843 instaurationem,
1130 1775 1268 1832 tenetur
1283 1760 1324 1831 ad
1343 1771 1444 1831 uten-

173 1873 249 1943 silia
266 1874 394 1944 Altaria
418 1885 453 1944 et
476 1872 636 1964 Capellae
660 1870 852 1942 necessaria
875 1868 1141 1962 suppeditanda,
1160 1868 1262 1939 sicuti
1279 1867 1384 1939 etiam
1401 1867 1444 1938 ad

172 1980 374 2050 eorumdem
420 1989 455 2050 et
479 1976 640 2071 Capellae
663 1976 979 2056 manutentionem,
999 1975 1064 2046 nisi
1090 1973 1265 2046 sufficiens
1281 1973 1374 2044 dotis
1389 1996 1441 2045 re·

172 2083 266 2154 ditus
291 2085 334 2155 ad
358 2086 448 2154 hunc
472 2081 638 2155 ellectum
661 2081 855 2172 assignatus
878 2081 996 2153 luerit.

682 2351 933 2376 --Q—-n

630 2561 981 2637 Pnnouctnss

201 2745 258 2797 Dte
276 2749 307 2797 tr
327 2745 427 2798 Morti!
446 2750 523 2802 1860.

242 2919 405 2990 Suuurnu
424 2943 555 2991 rnacuu.
569 2959 616 2976 -
628 2921 819 3014 Episcopus
835 2923 877 2991 Α.
897 2923 1073 3016 exposuit:
1091 2921 1211 3014 «quod
1233 2920 1266 2990 in
1283 2919 1439 2992 llioecest

165 3044 189 3083 τι
212 3045 274 3093 sua
299 3022 471 3096 Paroclrus
488 3038 558 3108 est,
577 3027 636 3118 qui
654 3026 734 3096 licet
750 3025 826 3096 aliis
851 3027 953 3098 officii
978 3027 1030 3096 sui
1060 3024 1215 3118 partibus
1241 3047 1308 3093 non
1333 3025 1437 3103 desit,

166 3150 189 3190 s
210 3149 332 3219 magna
350 3143 464 3200 tamen
481 3130 586 3199 animi
604 3130 758 3213 levitate,
774 3142 908 3200 tantum
925 3153 982 3201 aes
998 3130 1148 3201 alienum
1168 3129 1340 3200 contraxit
1354 3128 1439 3197 huc-

167 3253 188 3293 a
209 3253 331 3322 usque,
350 3245 454 3324 atque
471 3235 671 3305 contrahere
688 3235 816 3325 pergit,
835 3249 891 3317 ut,
911 3235 1082 3306 sententia
1100 3233 1223 3303 iudicis
1238 3231 1437 3313 saecularis,

167 3359 188 3398 a
210 3336 313 3406 tertia
338 3336 512 3407 redituum
538 3339 646 3429 ipsius
672 3360 748 3428 pars
766 3361 785 3408 a
805 3338 1033 3409 creditoribus
1053 3339 1121 3408 ianr
1146 3350 1350 3431 occupetur,
1368 3359 1439 3428 quo

166 3463 188 3502 *s
210 3440 249 3508 lit
266 3451 317 3520 ut,
337 3451 409 3510 tam
428 3441 623 3532 parochiani
642 3441 707 3523 sui,
719 3463 822 3532 quam
839 3446 962 3527 exteri,
977 3443 1104 3535 quibus
1123 3444 1303 3536 pecuniam
1320 3440 1437 3523 debet,

166 3569 187 3608 a
208 3545 495 3629 scandalizentur,
509 3561 543 3616 et
557 3548 593 3615 in
606 3548 714 3640 ipsius
732 3571 875 3641 persona
893 3551 1035 3621 minime
1052 3548 1217 3631 sistendo,
1236 3561 1350 3619 totum
1366 3547 1441 3618 Cle·

166 3673 187 3714 s
208 3651 357 3720 ricorum
382 3665 513 3722 statum
542 3654 707 3724 conviciis
736 3654 807 3723 suis
834 3667 1090 3725 consectentur.
1118 3653 1259 3723 Accedit
1282 3651 1374 3743 quod
1404 3651 1438 3719 in

165 3779 186 3818 a
208 3777 286 3826 aere
310 3753 423 3827 alieno
448 3757 620 3841 iaciendo,
641 3785 680 3830 oo
698 3761 766 3830 iam
785 3761 830 3829 sit
846 3783 1065 3852 progressus,
1087 3773 1208 3830 utnon
1230 3758 1440 3830 mediocrem

165 3885 186 3924 a
207 3859 372 3950 pecuniae
390 3885 573 3946 summam,
589 3890 606 3937 e
620 3864 747 3936 fabrica
765 3865 928 3938 ccclesiae
947 3864 1149 3958 parochialis
1161 3865 1391 3954 desumptam,
1404 3865 1440 3931 in

170 3993 188 4034 s
209 3992 288 4040 suos
313 3992 398 4039 usus
422 3971 646 4053 converterit,
665 3995 704 4042 ea
721 3973 841 4063 utique
859 3972 1070 4052 intentione,
1090 3981 1129 4037 ut
1153 3967 1315 4060 deinceps
1338 3967 1442 4039 resti·

165 4099 188 4138 s
209 4087 339 4157 tueret,
358 4077 417 4147 sed
434 4099 475 4146 eo
492 4078 596 4146 etiam
615 4076 785 4167 periculo,
804 4100 848 4147 ne
873 4091 992 4169 postea
1016 4074 1229 4145 restituendo
1247 4074 1291 4144 sit
1313 4075 1437 4166 impar.

242 4206 258 4246 a
279 4179 349 4250 lam
367 4204 462 4261 vero,
478 4204 557 4252 cum
575 4204 677 4275 saepe
694 4185 851 4275 serioque
869 4185 1021 4254 monitus
1046 4183 1111 4252 iste
1137 4181 1305 4276 parochus
1323 4181 1441 4252 hacte-

164 4307 187 4349 s
208 4305 274 4354 nus
299 4307 365 4356 non
391 4285 590 4378 resipuerit,
610 4309 672 4357 nec
699 4287 794 4357 iuxta
821 4287 971 4358 indolem
997 4288 1105 4379 ipsius
1129 4308 1208 4378 spes
1225 4286 1283 4368 sit,
1302 4283 1375 4357 lore
1399 4298 1441 4354 ut

164 4413 186 4454 a
208 4391 386 4481 resipiscat
413 4391 444 4458 in
471 4403 666 4483 posterum,
685 4407 826 4483 propter
850 4405 1037 4481 egestatem
1056 4405 1172 4460 nutem
1191 4391 1310 4482 ipsius,
1330 4412 1440 4482 poena
