3248 5004
187 441 230 508 dd
726 460 871 507 annanotx
898 459 920 506 ι.

248 567 339 644 Quod
355 575 454 631 autern
469 571 576 630 attinet
595 568 631 630 ad
648 566 793 630 deficien-
846 585 878 627 se
892 566 948 628 atta
963 561 1201 627 extraordinaria
1227 560 1325 622 media
1343 556 1458 638 quibus

185 670 257 732 tiam
280 671 537 748 sacerdotutn‚ad
556 689 648 749 quam
660 689 794 747 praeee-
848 669 930 729 hisce
959 667 1132 746 indigentiis
1160 663 1215 725 fiat
1243 667 1327 724 satis.
1351 661 1457 740 Neque

185 772 379 833 terisatteudi
392 771 495 846 dehet,
509 792 543 834 ea
558 773 715 834 detinentis
733 789 793 832 non
847 769 962 832 censori
989 767 1079 829 debet
1110 767 1213 828 deesse
1242 765 1334 825 atium
1357 779 1458 824 saeer-

185 872 277 935 debet
302 892 367 935 ease
388 874 520 936 conficta
538 881 568 936 et
588 873 682 935 vetuti
706 892 794 953 prae·
846 873 980 944 dotem,
1012 874 1084 950 quia
1114 868 1191 931 aiter
1222 864 1363 928 sacerdos
1401 863 1456 943 qui

184 982 362 1056 sumptam
372 977 503 1056 eoquod
518 977 670 1056 parochus
679 979 795 1038 ratione
848 975 944 1049 adest,
960 973 1029 1034 ticet
1046 973 1162 1052 possit,
1181 969 1258 1031 notit
1279 977 1379 1030 tumen
1403 984 1457 1026 ee·

184 1080 233 1138 sui
258 1077 353 1140 officii
382 1078 493 1140 debeat
516 1097 570 1156 per
591 1097 622 1140 se
643 1079 795 1157 appttcare
849 1077 966 1137 tebrare
995 1075 1031 1136 ad
1057 1073 1162 1154 popuii
1193 1071 1455 1134 commoditatem.

183 1179 348 1241 secundam
370 1182 492 1242 Missam
508 1198 566 1260 pro
591 1181 720 1259 populo,
745 1179 796 1241 ubi
849 1181 884 1241 ln
918 1176 1090 1239 huiusmodi
1122 1177 1202 1236 enirn
1225 1173 1377 1235 adiunctis
1398 1189 1459 1251 po-

183 1281 263 1342 duas
277 1289 364 1362 regat
377 1283 795 1362 paroecias3ve1eseoquod
850 1288 908 1340 test
923 1279 1096 1360 Episcopus
1113 1277 1194 1338 hunc
1213 1274 1340 1336 aiterum
1353 1292 1458 1338 sacer·

184 1384 305 1444 ratione
321 1385 367 1445 sui
385 1383 480 1445 officii
498 1383 620 1456 debeat,
638 1387 675 1445 iis
689 1387 740 1465 qui
758 1384 797 1445 ad
849 1383 953 1445 dotem
977 1398 1099 1460 eogere,
1123 1384 1158 1440 ut
1180 1378 1217 1440 ad
1241 1377 1348 1456 popuii
1372 1394 1455 1437 conr·

183 1484 369 1546 audiendam
402 1487 521 1548 Missam
552 1487 721 1560 accedunt,
745 1504 798 1547 ca·
851 1483 1028 1546 moditatem
1053 1480 1199 1543 celebrat.
1220 1480 1319 1556 Quare
1340 1480 1459 1541 exclusa

183 1587 501 1649 techismutnettidei
529 1590 671 1668 mysteria
696 1589 798 1667 capiu-
850 1588 906 1649 hac
929 1588 1060 1648 coniicta
1093 1593 1123 1646 et
1158 1591 1352 1664 praesumpta
1382 1582 1460 1643 aite-

186 1706 281 1764 uare;
306 1689 352 1751 rei
377 1708 413 1751 ca
435 1707 472 1751 eo
495 1690 580 1769 quod
609 1708 670 1751 non
700 1691 797 1769 possit
850 1691 913 1750 rius
927 1686 1094 1750 sacerdotis
1110 1685 1294 1761 deiicientia,
1308 1683 1347 1746 ad
1361 1684 1462 1745 coito·

184 1790 228 1851 ob
245 1797 352 1853 tenues
380 1800 546 1870 proventus
574 1792 795 1872 eleemosynam
850 1787 1024 1851 nectendam
1035 1789 1142 1848 Missae
1155 1788 1346 1862 iterationem
1359 1786 1462 1864 requi-

183 1892 303 1954 soivere
336 1893 422 1955 alteri
451 1895 570 1955 Missam
605 1892 794 1968 eeiebranti;
850 1893 929 1953 ritur
941 1909 1010 1951 vera
1024 1888 1196 1951 deficientia
1208 1889 1386 1966 sacerdotis,
1405 1889 1461 1967 qui

183 2011 256 2055 oum
289 1995 378 2055 nimis
409 1993 533 2056 diiiiciie
555 1997 613 2069 sit,
641 1997 696 2058 hac
725 1995 795 2057 reati
849 1993 973 2074 aiteram
990 1994 1111 2054 Missam
1134 1990 1288 2052 celebrare
1307 1991 1415 2052 valeat.

185 2094 358 2158 deficientia
373 2094 525 2159 redituum
543 2097 696 2177 probata,
713 2098 801 2160 dees-

714 2291 943 2315 *a

643 2443 1015 2518 APPENDlXM.

397 2650 508 2709 QUOAD
530 2651 663 2696 RAPTUM
686 2651 831 2697 Poeante
853 2651 973 2695 utimur
993 2650 1251 2696 COMSEMTOENTIS.

252 2817 327 2878 Cum
337 2822 422 2878 tanta
431 2817 686 2896 reperiaturinter
694 2822 800 2877 aucto·
914 2814 997 2890 Quae
1012 2812 1149 2876 definitio
1166 2821 1199 2876 ut
1216 2815 1333 2895 plenius
1347 2813 1461 2877 inteili-

187 2936 236 2980 res
257 2917 474 2980 sententiarum
498 2920 641 2990 varietas,
655 2921 734 2979 circu
748 2936 797 2979 ra·
850 2923 961 2994 gatar,
992 2917 1166 2996 praenotari
1193 2915 1306 2978 debent
1325 2935 1360 2976 ea
1382 2934 1462 2996 quoe

188 3027 259 3099 ptus
274 3019 546 3100 impedimentum,
567 3019 692 3100 quando
711 3021 799 3099 puel·
849 3034 951 3078 sacrae
970 3017 1123 3096 Congreg.
1147 3019 1242 3080 Cone.
1259 3019 1289 3079 in
1316 3024 1391 3080 voto
1408 3019 1461 3079 lu-

187 3120 215 3182 ia
228 3139 305 3200 quae
317 3121 493 3199 abducitur,
501 3121 601 3200 raptui
614 3123 796 3196 consentiat,
850 3119 1025 3180 risconsuiti
1052 3119 1285 3199 exponebantur
1301 3123 1352 3196 (Ἰ).
1382 3121 1462 3181 Pro-

187 3224 321 3298 pruestat
340 3218 486 3279 nonuuiia
506 3220 654 3297 attingere
671 3237 706 3280 ex
724 3220 799 3281 actis
848 3220 1021 3301 ponebatur
1046 3224 1126 3282 enim
1152 3222 1319 3284 cohaerere
1344 3225 1462 3302 optime

186 3323 218 3380 S.
238 3320 272 3381 C.
290 3320 324 3381 C.
344 3337 421 3398 quae
437 3319 514 3380 haue
528 3320 682 3381 materiam
700 3321 799 3399 respi·
849 3341 1016 3403 possecum
1030 3332 1138 3387 natura
1157 3330 1263 3404 raptus
1279 3343 1460 3386 eonsensum

189 3423 288 3483 ciunt.
315 3422 351 3482 Et
375 3422 520 3500 quoniam
550 3419 589 3481 ab
622 3422 799 3484 auctoribus
852 3425 969 3504 poeitae
987 3426 1016 3486 in
1034 3428 1133 3505 ipsum
1156 3432 1291 3506 raptum.
1312 3453 1324 3478 «
1343 3427 1463 3504 Raptus

187 3523 317 3583 affertur
327 3521 476 3602 quaedam
493 3527 609 3583 vetusta
622 3522 800 3584 S.C.C.de·
854 3553 866 3578 ·
887 3527 1089 3587 committitur
1108 3523 1120 3607 (
1137 3528 1180 3588 sic
1199 3529 1231 3588 in
1252 3532 1345 3602 voto)
1368 3530 1461 3589 etiam

187 3623 334 3684 cisiodiei
347 3623 518 3685 attenuari
532 3625 610 3685 1668
620 3627 658 3701 (tt
671 3624 716 3686 his
727 3643 801 3685 con·
855 3653 867 3678 ι
888 3645 956 3687 curn
976 3628 1102 3688 mutiero
1113 3626 1247 3689 notente.
1261 3629 1318 3705 leq.
1331 3635 1409 3688 onie.
1425 3633 1459 3691 C.

187 3731 276 3804 cepta
295 3724 398 3786 verbis
417 3725 609 3787 «Concilium
632 3727 800 3806 procedere
855 3755 867 3781 ·
887 3731 922 3788 de
938 3737 1014 3805 rapt.
1026 3731 1141 3805 cirps.
1153 3732 1180 3789 st
1196 3735 1270 3790 enirn
1283 3730 1334 3790 ubi
1349 3729 1463 3792 dicitnr

192 3851 205 3878 ο
224 3827 316 3887 etiam
328 3827 358 3887 in
372 3826 497 3887 muliere
512 3829 650 3901 notente,
669 3828 740 3888 dum
755 3835 800 3889 ta·
855 3857 867 3882 ·
887 3829 972 3909 quod
990 3833 1041 3890 itae
1052 3834 1146 3907 ipsum
1163 3833 1236 3892 aetia
1252 3834 1404 3891 molieram
1424 3835 1462 3892 ab

191 3955 206 3980 ο
227 3945 295 3988 meu
307 3929 347 3988 sii
361 3933 466 4005 raptus
477 3929 560 3988 iuxta
571 3929 800 3991 terminosiuris
856 3961 867 3984 υ
885 3935 997 3992 tnn'diis
1015 3935 1178 4010 nequissimi
1198 3935 1318 3992 hortinis
1333 3942 1382 4010 pai
1398 3953 1462 3992 ttae-

192 4056 205 4083 »
224 4028 320 4090 civilis
335 4048 363 4105 ;·
379 4029 585 4108 quaerendum
599 4031 694 4091 estad
707 4048 800 4110 quos·
856 4062 868 4086 ·
888 4037 999 4093 ditatur
1021 4041 1152 4111 rapinam
1176 4035 1344 4094 inducitur:
1366 4035 1463 4114 idone

188 4147 256 4190 nam
272 4130 638 4192 casushaecdoctrioain
653 4134 741 4212 praxi
754 4151 800 4194 re·
855 4163 867 4187 ·
888 4135 1030 4215 procedit
1051 4138 1142 4197 etiarn
1166 4135 1204 4197 de
1227 4137 1291 4198 iure
1311 4139 1463 4198 canonico

188 4234 316 4295 teratur.
856 4247 921 4298 ·ut
944 4236 1055 4316 probat
1081 4243 1181 4299 textus
1207 4239 1238 4299 iu
1263 4257 1328 4315 cop.
1348 4241 1464 4314 ptoeatt

249 4385 285 4448 (t)
305 4383 403 4436 Datum
417 4397 469 4438 noo
482 4390 523 4437 est
533 4385 561 4437 in
576 4384 693 4439 archivio
706 4386 734 4439 S.
747 4387 780 4441 C,
790 4387 820 4440 C.
833 4385 947 4457 reperire
962 4387 1031 4442 trano
1044 4385 1245 4454 resolutionem,
1264 4384 1385 4455 quatiaris
1400 4384 1463 4441 diii·

187 4473 281 4534 genter
316 4481 343 4520 ιιι
361 4465 434 4520 tltnm
449 4468 647 4536 inquisivimus.

241 4549 277 4621 (2)
295 4553 352 4606 Moe
370 4559 459 4605 votum
474 4553 553 4607 retest
565 4555 673 4624 Rigauti
686 4554 738 4610 loc.
751 4571 831 4626 supra
850 4557 895 4612 cit.
