3282 5008
488 393 583 441 suren
602 393 786 439 ustrsemr.
802 393 903 438 carri.
924 394 959 437 xc
979 390 1158 438 nourrius.
1431 373 1495 438 lb‘l

215 498 304 570 clavi
328 496 511 592 capitulari
524 496 590 566 luit
606 494 784 576 exclusus,
798 518 838 567 ea
849 513 974 586 nempe
987 495 1030 566 de
1041 517 1157 578 causa,
1171 493 1262 587 quod
1281 495 1496 569 voluntatem

214 625 314 674 suam
341 604 376 672 in
401 626 462 684 eo,
495 623 564 694 quo
594 599 859 680 excludebatur,
887 601 972 670 satis
997 622 1169 693 superque
1199 599 1493 680 manifestaverit,

215 730 362 801 eamque
374 731 535 780 revocare
547 705 697 800 amplius
717 729 784 777 non
803 706 926 778 valeat.
950 705 1106 798 Namque
1126 705 1399 798 respondebatur
1418 728 1496 777 eam

214 814 528 899 manifestationem
543 811 713 903 inprimis
730 810 838 882 veluti
850 811 1086 904 imperfectam
1099 811 1325 903 reputandam
1339 833 1427 892 esse,
1442 833 1491 882 eo

214 941 281 1008 que
295 918 403 1010 magis
413 917 502 1010 quod
516 940 558 988 ex
572 916 678 986 animi
692 915 954 1008 praecipitantia
971 928 1087 986 ortum
1105 915 1290 986 babuerat:
1306 938 1386 986 cum
1401 917 1495 988 enim

215 1022 339 1093 iniuria
353 1046 390 1093 se
403 1022 583 1092 exclusum
598 1021 745 1101 videret,
760 1021 880 1112 utique
893 1019 1010 1092 dolore
1024 1020 1185 1092 incensus
1202 1033 1238 1092 et
1252 1020 1385 1114 placido
1399 1042 1493 1094 men·

215 1128 261 1196 tis
286 1139 381 1198 statu
405 1126 623 1207 deturbatus,
639 1126 722 1218 quid
740 1126 869 1198 faceret
883 1139 942 1196 aut
955 1125 1104 1207 diceret,
1124 1125 1241 1197 animo
1257 1125 1407 1218 pendere
1424 1147 1493 1196 non

214 1243 390 1324 potuerat.
419 1231 537 1323 ltaque
562 1255 602 1302 ea
630 1230 820 1302 declaratio
850 1229 1100 1324 perfectionem
1129 1253 1227 1301 suam
1252 1229 1405 1301 obtinuit
1433 1253 1491 1323 per

215 1339 501 1428 protestationem
526 1337 632 1407 biduo
658 1348 739 1429 post
764 1336 797 1405 in
823 1335 1019 1428 Episcopali
1045 1334 1257 1407 Cancellaria
1281 1336 1430 1416 editam,
1457 1335 1492 1403 in

212 1463 282 1533 qua
296 1443 489 1516 Canonicus
501 1442 540 1512 B.
556 1445 734 1536 conceptis
748 1442 861 1514 uerbis
878 1443 920 1513 de
936 1441 1096 1513 nullitate
1113 1442 1334 1514 resolutionis
1350 1441 1491 1510 institit.

213 1545 286 1615 lam
303 1569 383 1618 vero
400 1549 480 1618 huic
496 1546 767 1618 manifestationi
793 1546 945 1618 conditio
962 1548 1178 1640 apertissime
1195 1547 1306 1618 inerat
1322 1547 1350 1616 si
1367 1569 1492 1638 nempe

214 1649 386 1742 socatltos,
408 1675 494 1747 quae
517 1651 582 1722 sibi
608 1651 899 1747 intercipiebctur,
921 1651 1055 1744 serendi
1082 1652 1150 1720 voti
1177 1674 1255 1721 aere
1277 1664 1491 1746 competeret.

212 1755 323 1828 Suum
349 1760 465 1852 itaque
490 1759 692 1849 suffragium
724 1781 804 1829 non
819 1756 1017 1828 absolutum
1050 1769 1087 1828 et
1112 1780 1261 1850 purum,
1290 1757 1349 1828 sed
1375 1757 1492 1854 condi·

212 1861 301 1931 tioni
324 1863 512 1934 obnoxium
538 1875 623 1935 erat.
656 1863 761 1956 Atqui
787 1861 1027 1953 suffragiorum
1052 1862 1191 1934 emissio
1220 1884 1299 1934 cum
1325 1862 1491 1956 capitula·

213 1964 300 2038 riter
324 1969 455 2040 absolvi
481 1967 629 2050 debeat,
656 1969 749 2040 inter
773 1979 872 2037 actus
900 1966 1072 2059 legitimos
1097 1966 1274 2038 referenda
1301 1981 1355 2037 est
1363 1990 1375 2051 3
1392 1966 1487 2039 adeo

213 2092 281 2161 que
305 2095 413 2168 neque
429 2075 519 2145 diem
538 2097 646 2168 neque
671 2073 894 2144 conditionem
919 2073 1038 2168 recipit
1062 2095 1104 2143 ex
1124 2073 1164 2143 L.
1187 2077 1230 2142 77
1251 2072 1300 2142 De
1316 2073 1398 2167 licq.
1417 2072 1490 2142 tar.

213 2175 474 2252 Observabatur
497 2181 637 2273 insuper
663 2181 890 2252 disertissime
911 2180 1075 2251 canonica
1092 2180 1165 2249 iura
1186 2180 1386 2273 praecipere
1410 2191 1491 2251 vota

213 2284 416 2378 neutiquam
442 2311 517 2360 esse
541 2287 666 2359 debere
691 2285 958 2370 conditionalia3
983 2309 1062 2378 nam
1088 2285 1124 2354 in
1149 2283 1231 2380 Cap.
1262 2290 1281 2354 2
1312 2285 1362 2355 lle
1382 2284 1490 2356 Elect.

212 2388 248 2456 in
276 2393 296 2458 6
322 2391 451 2484 legitur
465 2434 489 2449 -
505 2392 545 2463 ln
566 2391 794 2472 electionibus,
823 2405 854 2461 ct
877 2391 1168 2487 postulationibus,
1190 2405 1222 2461 et
1244 2391 1432 2471 scrutiniis,
1449 2413 1493 2460 er

212 2492 331 2587 quibus
354 2497 409 2567 ius
432 2499 541 2568 oritur
564 2496 721 2591 elipandi,
747 2512 821 2568 uota
845 2495 1102 2576 conditionalia,
1122 2494 1348 2576 alternative,
1379 2509 1412 2566 et
1438 2497 1493 2564 in-

213 2614 304 2670 certo
323 2605 461 2696 penitus
487 2601 713 2697 reprobamus.
732 2643 755 2656 -
779 2603 854 2688 Qua
878 2624 982 2695 super
1005 2625 1042 2674 re
1067 2600 1267 2672 consulatur
1290 2600 1405 2673 Piton.
1432 2600 1492 2670 Di-

212 2720 315 2800 scept.
341 2707 421 2779 Ecc.
445 2712 641 2779 rosamo
663 2709 709 2779 od
729 2712 792 2779 119
811 2732 874 2780 nec
894 2731 962 2780 non
983 2708 1018 2779 S.
1038 2707 1146 2799 Cong.
1169 2707 1277 2779 Cone.
1297 2707 1331 2776 in
1350 2706 1488 2778 Comen.

215 2808 378 2903 Beneficii
394 2814 441 2884 cd
456 2813 545 2884 diem
566 2814 606 2884 13
631 2811 713 2883 Iulii
734 2815 818 2883 1771
849 2815 867 2905 3
892 2815 980 2885 bunc
1001 2828 1114 2883 autem
1134 2813 1152 2903 3
1174 2810 1325 2906 nihilque
1341 2812 1359 2902 3
1376 2812 1422 2882 ud
1437 2835 1492 2882 ao

214 2936 300 2984 cam.
331 2912 372 2984 El
398 2917 603 3000 accedebat,
628 2917 719 3010 quod
746 2930 825 2989 vota
850 2943 893 2989 ex
917 2919 1142 3011 dispositione
1164 2917 1318 3011 synodali
1340 2917 1493 2987 civitatis

213 3019 271 3099 A,
284 3018 432 3090 debeant
452 3045 528 3093 esse
545 3035 690 3104 secreta,
714 3037 749 3094 et
769 3022 964 3096 Canonicus
985 3022 1024 3093 B.
1051 3023 1163 3116 palam
1182 3032 1217 3092 et
1233 3021 1371 3114 publice
1389 3045 1491 3092 suum

214 3121 412 3216 suffragium
439 3126 606 3199 ediderat.

286 3226 441 3321 Denique
477 3230 674 3303 Canonieus
706 3231 745 3301 B.
774 3234 950 3304 asserebat
984 3231 1102 3325 (nullo
1126 3231 1248 3325 utique
1281 3230 1492 3301 documento

215 3331 371 3423 legitimo
396 3335 436 3406 ad
462 3358 536 3406 rem
562 3338 686 3430 allato)
713 3337 925 3410 Fridericum
951 3339 994 3409 ad
1018 3338 1252 3431 Capelianiam
1284 3337 1492 3430 aliapitulo

215 3437 365 3510 electum
391 3441 590 3514 testimonio
615 3466 731 3530 carere
755 3444 798 3517 de
824 3446 967 3517 scientia
992 3457 1115 3517 cantus
1139 3443 1352 3536 Gregoriani.
1378 3443 1492 3536 Super

213 3563 281 3633 quo
307 3566 375 3615 non
402 3568 522 3641 parum
559 3549 633 3641 ipse
665 3549 901 3620 demirabatur
933 3550 1083 3644 Capituli
1108 3551 1298 3621 rationem:
1324 3548 1489 3620 Canonici

214 3647 383 3738 siquidem
409 3650 519 3744 prima
551 3653 626 3724 vice
650 3654 848 3745 congregati
873 3670 1081 3726 conventum
1119 3655 1246 3728 babere
1278 3653 1490 3725 distulerunt

215 3775 257 3822 ex
282 3775 346 3835 co,
374 3756 465 3848 quod
497 3756 613 3828 nullus
638 3783 679 3831 ex
706 3759 905 3831 Candidatis
929 3761 1031 3833 fidem
1068 3761 1110 3832 de
1141 3774 1246 3832 cantu
1278 3758 1489 3850 Gregoriano

214 3855 432 3930 exhibuerat.
463 3858 605 3948 Quando
630 3887 713 3936 vero
738 3865 864 3936 iterum
889 3879 1138 3948 convenerunt,
1164 3868 1256 3937 inter
1280 3864 1491 3935 Candidatos

214 3984 294 4032 eum
318 3965 525 4054 praetulere,
552 3967 611 4060 qui
638 3991 727 4040 unus
751 3971 933 4042 dumtaxat
968 3973 1073 4043 huius
1101 3974 1280 4066 qualitatis
1313 3970 1488 4043 delectum

214 4068 481 4160 praeseferebat.
508 4071 691 4165 Perperam
718 4100 800 4148 vero
827 4076 1048 4157 obiiceretur,
1075 4079 1178 4149 huius
1202 4079 1378 4172 qualitatis
1402 4074 1489 4145 obli-

213 4174 387 4261 gationem
415 4197 485 4245 non
514 4201 533 4249 a
558 4190 740 4259 testatore,
764 4183 823 4253 sed
849 4206 867 4252 a
892 4182 1052 4277 Capitulo
1076 4186 1266 4279 proticisci:
1289 4212 1369 4260 cum
1394 4190 1488 4259 enim

213 4278 320 4350 semel
344 4280 379 4348 in
405 4283 572 4354 canonico
597 4285 782 4358 erectionis
810 4286 949 4360 decreto
973 4289 1093 4360 eadem
1115 4291 1246 4364 inclusa
1262 4308 1329 4377 est,
1348 4296 1491 4368 decreto

211 4383 374 4455 standum
391 4394 480 4456 erat,
499 4387 609 4460 donec
633 4387 787 4481 legitime
812 4389 895 4462 illud
921 4407 1114 4466 correctum
1140 4419 1208 4468 non
1233 4398 1351 4472 fuerit.
1371 4401 1490 4495 b'oque
