3282 5008
637 451 733 498 suren
751 453 820 500 runs
838 454 1025 502 rudentum.
1406 425 1476 497 tut

600 605 843 674 noncopante
862 615 1077 676 synoptico.

271 755 360 828 'iota
384 757 542 851 quaestio
559 758 594 829 in
611 783 652 831 eo
669 760 889 844 versabatur,
908 785 951 833 an
969 763 1159 854 Regulares
1182 761 1327 855 dispersi
1346 783 1407 854 per·
1423 759 1476 830 in·

201 859 329 932 iustam
347 865 624 957 suppressionem
641 867 826 939 subessent
839 869 1030 940 Paroehiaii
1047 869 1275 940 iurisdietioni
1293 867 1405 960 quoad
1422 865 1439 935 1
1459 905 1477 921 -

201 989 295 1038 nera.
316 970 483 1043 Rationes
501 973 666 1044 deductas
684 987 759 1044 tum
776 997 864 1067 quae
881 977 916 1044 in
934 977 1117 1069 exquisitis
1133 977 1224 1046 votis
1239 977 1474 1067 reperiuntur,

203 1089 279 1145 tum
297 1099 386 1168 quae
407 1101 449 1147 ex
464 1079 573 1172 officio
598 1079 752 1152 adiectae
776 1094 875 1166 sunt,
902 1081 1056 1154 breviter
1075 1082 1110 1151 in
1134 1081 1198 1152 hae
1223 1079 1476 1173 disceptatione

200 1184 424 1275 attingemus.

270 1292 466 1360 dionaeum
485 1315 543 1360 rao
561 1292 1083 1365 enarramus·Observabatur
1107 1292 1248 1384 itaque,
1275 1290 1391 1362 favore
1407 1289 1475 1360 ne-

199 1397 383 1488 guiarium
397 1411 514 1467 actum
528 1399 747 1489 illegitimum
765 1400 1032 1493 suppressionis,
1050 1401 1240 1492 producere
1258 1397 1405 1470 effectus
1424 1399 1477 1466 iu-

200 1503 343 1586 ridieos,
369 1527 457 1596 quos
482 1507 688 1596 produceret
712 1507 910 1600 suppressio
935 1506 1111 1599 legitima,
1139 1505 1337 1576 nullatenus
1357 1527 1473 1596 posse.

200 1608 265 1678 Est
290 1610 382 1680 enim
408 1624 506 1681 aetus
530 1613 607 1703 ipso
633 1613 706 1684 iure
731 1613 867 1696 irritus,
886 1614 1098 1706 proindeque
1122 1611 1299 1704 privilegia
1328 1609 1477 1700 Regula·

197 1715 287 1784 rium
306 1715 442 1788 auferre
459 1739 525 1788 non
545 1730 671 1810 potest.
687 1719 896 1789 Praesertim
914 1741 994 1790 eum
1012 1720 1103 1814 inter
1116 1718 1316 1810 Regulares,
1331 1716 1413 1787 lieet
1431 1715 1476 1784 oh

198 1819 330 1892 iliatam
347 1823 548 1893 violentiam
565 1837 682 1895 essent
698 1825 856 1917 dispersi,
876 1826 1078 1896 servabatur
1095 1838 1211 1895 tamen
1228 1823 1370 1893 moratis
1385 1824 1475 1912 regi-

198 1928 302 1998 minis
316 1931 411 2011 unio,
425 1942 460 2001 et
473 1931 669 2003 obedientia
681 1931 797 2003 debita
814 1929 1319 2025 praestabaturSuperioribus3
1330 1930 1475 2021 ideoque

197 2048 358 2126 poterant
374 2036 476 2106 simui
489 2037 676 2130 Regulares
688 2039 872 2110 convenire
885 2040 919 2107 in
937 2039 1111 2131 propriam
1125 2037 1306 2109 eeclesiam
1320 2036 1361 2106 ad
1374 2047 1475 2106 aetus

196 2141 407 2212 emittendos
431 2142 599 2233 regularis
624 2143 859 2234 professionis,
880 2155 915 2215 et
931 2144 1082 2214 maxime
1107 2144 1149 2213 ad
1174 2142 1286 2214 oiiieia
1311 2164 1473 2235 suprema

195 2249 400 2339 praestanda
426 2249 498 2319 suis
522 2247 774 2320 Coniratribus.
801 2249 888 2320 Cum
915 2250 1031 2342 itaque
1055 2272 1124 2319 non
1149 2260 1303 2341 praestet
1328 2247 1473 2339 impedi·

196 2367 352 2425 mentum
378 2354 469 2446 quod
494 2355 536 2425 de
562 2357 637 2428 iure
662 2380 730 2426 non
756 2358 901 2428 sortitur
925 2356 1109 2438 effectum,
1127 2354 1306 2448 privilegia
1323 2353 1473 2445 Regula-

196 2460 286 2530 rium
312 2475 405 2532 sarta
430 2474 591 2554 tectaque
616 2485 756 2535 manere
781 2464 982 2535 debuerant.

266 2567 373 2639 Porro
398 2570 487 2640 inter
511 2570 636 2640 horum
665 2569 865 2661 privilegia,
892 2569 976 2639 iliud
1002 2581 1201 2641 recensetur
1225 2568 1317 2660 quod
1342 2568 1473 2658 legitur

194 2673 233 2741 iu
249 2697 323 2768 cop.
344 2677 363 2744 t
381 2673 422 2744 de
445 2673 606 2768 sepultor.
628 2676 664 2744 in
690 2679 709 2745 d
735 2676 830 2746 hisee
857 2676 987 2758 verbiS,
1006 2674 1179 2769 Reliqiosi,
1203 2674 1271 2744 nisi
1287 2673 1474 2768 apropriis

195 2777 407 2852 Monesteriia
430 2780 512 2850 adeo
536 2782 678 2872 forsitan
703 2783 822 2851 remoti
845 2783 932 2862 aiut,
957 2781 1044 2875 quod
1060 2781 1104 2850 ud
1124 2804 1164 2850 eu
1179 2803 1254 2851 cum
1280 2780 1473 2848 moriuntur

193 2885 367 2954 commode
379 2887 512 2979 portari
528 2908 592 2954 uon
607 2901 766 2980 possum,
783 2901 951 2979 nequeunt
969 2885 1065 2976 (eum
1082 2883 1164 2954 uelle
1180 2899 1211 2954 et
1229 2882 1315 2954 nolle
1331 2904 1397 2951 non
1414 2881 1473 2950 ha·

195 2989 320 3084 beant)
346 2989 411 3061 sibi
434 2989 557 3084 elipere
580 2989 810 3085 sepulturum,
827 2992 885 3062 sed
900 3009 976 3060 aunt
1001 2991 1091 3085 opud
1114 3014 1175 3060 auu
1199 2989 1403 3060 monasterio
1418 3002 1473 3055 tu·

193 3093 364 3164 mutandi.
391 3093 505 3182 Quare
530 3096 709 3187 Regularis
743 3098 913 3169 decedens
945 3098 1083 3187 sepeliri
1116 3097 1218 3166 debet
1251 3095 1343 3188 apud
1368 3117 1470 3164 suum

197 3199 458 3282 Monasterium‚
473 3221 585 3290 aeque
603 3201 729 3292 eligere
742 3201 807 3271 sibi
822 3213 937 3292 potest
950 3202 1184 3293 sepulturam,
1205 3211 1350 3292 excepto
1367 3199 1472 3268 unieo

196 3327 280 3374 easu
305 3305 340 3374 in
364 3327 433 3397 quo
459 3306 562 3374 nimis
587 3320 743 3376 remotus
767 3331 786 3376 a
812 3307 1018 3378 Monasterio
1043 3307 1235 3398 reperiatur
1244 3328 1255 3389 3
1281 3306 1339 3396 qui
1369 3327 1472 3374 casus

195 3409 230 3478 in
255 3410 431 3501 praesenti
455 3411 657 3501 quaestione
682 3411 880 3483 nullatenus
905 3411 1157 3482 veriiieahatur.

267 3515 356 3586 Sane
380 3516 716 3607 praeterquamquod
740 3540 847 3610 prope
865 3531 938 3588 erat
955 3516 1175 3607 Regularium
1193 3514 1378 3608 dequibus
1402 3515 1469 3606 agi-

196 3641 274 3687 mus
299 3619 461 3702 eeulesia3
483 3641 550 3689 non
576 3619 719 3690 deerant
743 3620 809 3691 alia
835 3622 1041 3692 Monasteria
1058 3644 1126 3690 nou
1145 3621 1330 3690 admodum
1347 3619 1469 3688 dissita

195 3724 350 3795 eiusdem
368 3723 519 3806 Ordinis,
546 3749 634 3816 quae
658 3729 937 3819 suppressionem
955 3750 1053 3818 passa
1071 3749 1138 3795 non
1156 3726 1308 3797 suerunt.
1328 3725 1469 3794 Etenim

193 3827 253 3900 SS.
266 3829 443 3901 Canonum
454 3829 691 3922 ExpositoreS‚
709 3833 810 3903 verba
826 3833 896 3914 ilia,
906 3857 993 3924 quae
1008 3835 1042 3902 in
1056 3833 1201 3924 allegato
1215 3831 1328 3922 eapite
1340 3830 1470 3900 haben·

194 3948 266 4018 tur,
284 3935 366 4004 adeo
382 3934 524 4028 [ortium
540 3937 609 4003 aiot
625 3937 758 4017 remoti,
783 3937 981 4028 intelligunt
998 3937 1040 4008 de
1057 3961 1096 4008 ea
1113 3937 1278 4006 distantia
1299 3935 1343 4005 ob
1362 3957 1467 4026 quam

193 4040 346 4132 impendi
363 4039 504 4110 deberet
520 4039 599 4131 plus
614 4062 719 4131 quam
735 4041 809 4112 dies
826 4064 887 4133 pro
904 4042 1079 4112 cadaveris
1096 4039 1419 4111 delatione.Pelizar·
1431 4041 1467 4106 in

193 4145 285 4215 dian.
312 4144 394 4238 Req.
422 4159 501 4213 tom.
530 4147 550 4212 2
576 4149 715 4214 troct.8
741 4167 814 4239 cup.
837 4151 855 4215 e
880 4169 916 4214 n.
945 4149 1002 4214 29.
1029 4145 1165 4216 Burdon
1190 4159 1268 4213 tom.
1291 4147 1311 4214 3
1336 4165 1401 4212 res.
1424 4147 1462 4210 51

193 4275 227 4320 n.
245 4252 322 4320 161.
339 4251 441 4323 Petra
456 4249 501 4319 ud
515 4247 627 4321 Cenat.
642 4253 661 4318 9
679 4250 805 4319 Honor.
826 4249 892 4320 111.
904 4272 939 4320 n.
957 4253 996 4320 31
1019 4266 1097 4320 tom.
1115 4253 1148 4319 i.
1164 4249 1236 4320 imo
1253 4248 1469 4318 animadver-

194 4354 334 4428 tebatur
353 4357 493 4427 eosdem
513 4376 651 4447 quoque
667 4355 837 4426 ductores
872 4366 908 4426 et
923 4355 1076 4426 Sanehez
1094 4355 1218 4425 docere
1234 4352 1351 4434 simul,
1368 4374 1469 4444 posse

192 4463 399 4554 Regularem
424 4485 444 4532 a
469 4483 531 4530 suo
556 4459 765 4532 Monasterio
799 4460 895 4533 vaide
929 4473 1127 4536 remotum.
1162 4457 1325 4529 tumulari
1353 4458 1387 4526 in
1412 4479 1469 4526 ee·
