3282 5008
539 437 702 486 arsrasnr.
724 440 763 485 ar
787 435 1110 487 remansurorum.
1397 409 1461 482 117

188 533 262 610 lum
279 537 396 611 deerat
411 541 554 634 quaevis
570 543 725 636 legitima
741 542 937 636 Superioris
953 541 1112 623 licentia,
1131 539 1190 610 sed
1216 537 1334 610 aderat
1357 538 1464 610 etiam

188 667 350 738 expressa
362 645 523 718 voluntas
538 647 712 740 Episcopi,
724 647 934 720 Canonicum
949 649 991 718 ad
1005 646 1240 727 residentiam,
1256 645 1464 715 revocantis.

259 747 385 821 Deerat
410 749 553 843 insuper
576 754 718 844 quaevis
742 753 896 844 legitima
921 751 1101 822 abessendi
1127 773 1254 832 causa,
1293 750 1465 842 siquidem

189 875 230 924 ca
253 876 340 947 quae
364 879 384 924 e
408 854 583 929 Canonico
607 861 649 928 Α.
676 858 957 950 proferebantur,
984 859 1090 929 semel
1117 859 1312 950 iterumque
1337 858 1465 929 reiecta

190 958 258 1028 iam
282 959 419 1032 lucrant
443 985 463 1032 a
487 962 522 1032 S.
549 962 589 1033 C.
614 961 654 1034 G.
674 965 723 1035 Ea
749 987 830 1036 vcro
854 987 942 1056 quae
967 963 1056 1036 sorte
1081 963 1277 1035 Canonicus
1302 965 1342 1032 Λ.
1371 977 1466 1035 esset

189 1064 313 1137 deinde
337 1065 549 1160 prolaturus,
576 1069 642 1142 lide
667 1071 968 1154 destituebantur,
995 1085 1117 1165 utpote
1142 1075 1177 1142 in
1202 1084 1300 1144 aestu
1325 1071 1397 1140 litis
1421 1072 1465 1142 ad

188 1174 487 1264 opportunitatem
512 1177 719 1268 conquisita.

259 1276 377 1371 Neque
409 1282 708 1372 praetermittebat
732 1283 857 1354 Orator
880 1284 1179 1366 animadvertere,
1209 1307 1277 1354 non
1306 1281 1466 1375 quamvis

188 1382 446 1466 infirmitatem,
474 1385 662 1477 legitimam
680 1411 757 1460 esse
774 1389 950 1460 absentiae
974 1413 1135 1472 causam,
1162 1391 1221 1461 scd
1246 1410 1385 1482 gravem
1403 1409 1459 1458 re·

187 1488 278 1578 quiri
305 1487 483 1560 Benedict.
509 1490 597 1560 XlV.
616 1490 727 1562 instit.
750 1494 814 1562 107
833 1515 863 1563 c.
883 1498 904 1563 8
929 1517 965 1562 11.
984 1498 1042 1563 47.
1062 1493 1233 1566 Passeris.
1252 1491 1296 1562 ad
1323 1514 1397 1586 cap.
1423 1495 1466 1562 de

190 1591 313 1664 Glerr‘c.
332 1616 399 1662 aaa
416 1594 516 1666 recid.
536 1595 641 1666 conci.
659 1601 678 1666 5
697 1620 732 1666 a.
745 1600 778 1666 9.
795 1597 945 1680 Moneta,
959 1597 1087 1669 Giraldi
1105 1597 1244 1691 aliique.
1260 1596 1306 1667 Et
1322 1607 1465 1688 propter

191 1697 280 1768 hanc
297 1699 465 1771 rationem
482 1701 683 1794 praescribi,
702 1716 743 1771 ut
758 1725 861 1774 causa
878 1703 1055 1774 absentiae
1072 1703 1118 1773 sit
1134 1704 1230 1797 prius
1247 1701 1465 1793 aSuperiore

192 1806 330 1897 cognita
346 1819 381 1879 ct
398 1808 556 1901 probata,
575 1832 640 1880 ceu
656 1810 775 1879 docuit
792 1811 882 1882 Rota
898 1811 934 1879 ia
951 1811 1052 1880 decis.
1073 1815 1139 1881 608
1157 1834 1191 1879 11.
1211 1817 1231 1879 d
1246 1833 1282 1904 p.
1301 1814 1312 1878 1
1336 1821 1460 1878 recent.

259 1910 378 2005 Neque
402 1913 610 2006 requiritur,
638 1914 931 2004 prosequebatur,
952 1926 991 1983 ut
1016 1915 1140 1986 absens
1156 1926 1339 1985 moneatur
1355 1924 1394 1981 ut
1411 1935 1465 1984 re-

189 2015 270 2088 dcat
294 2029 330 2088 ct
354 2017 521 2096 resideat,
547 2017 645 2108 quasi
663 2018 712 2087 ita
728 2017 853 2088 absens
876 2018 991 2109 puniri
1017 2040 1085 2088 non
1110 2015 1220 2109 possit
1245 2017 1311 2085 nisi
1335 2016 1465 2086 consti·

189 2136 309 2194 tuatur
323 2124 359 2193 in
378 2147 488 2195 mora.
503 2123 632 2194 Giraldi
658 2123 699 2193 de
720 2125 839 2219 paenis
854 2123 968 2194 eccles.
984 2149 1020 2219 p.
1037 2128 1056 2192 2
1073 2147 1147 2219 cop.
1163 2126 1184 2194 3
1201 2147 1237 2192 a.
1257 2129 1291 2192 4.
1310 2122 1464 2194 Ferraria

189 2225 324 2299 llibliot.
342 2228 427 2300 Can.
443 2228 550 2300 verbo
568 2227 732 2301 Caoaaici
747 2235 846 2300 areb
864 2253 899 2300 11.
922 2235 974 2300 18.
995 2229 1173 2300 Benedict.
1192 2227 1279 2298 XlV.
1298 2227 1334 2296 ia
1351 2224 1462 2296 instit.

187 2333 302 2406 eccles.
324 2339 387 2405 107
407 2359 441 2406 a.
460 2339 503 2406 37
523 2337 582 2429 qui
601 2337 707 2408 refert
724 2359 814 2407 anno
834 2340 922 2408 11173
940 2338 1135 2430 quaesitum
1153 2359 1171 2406 a
1188 2335 1223 2406 S.
1242 2333 1282 2404 C.
1302 2333 1341 2404 C.
1356 2333 1464 2404 luisse

190 2461 269 2508 aaa
281 2439 474 2511 huiusmodi
497 2455 708 2513 contumaees
724 2457 755 2512 et
772 2441 921 2513 absentes
936 2445 1003 2512 siat
1021 2445 1118 2539 prius
1141 2441 1299 2512 manendi
1314 2439 1359 2510 ad
1374 2441 1465 2510 resi-

186 2541 333 2613 dendum
358 2559 538 2639 antequam
561 2547 804 2639 puniuntor...
819 2560 851 2615 et
875 2545 911 2616 S.
932 2545 1150 2640 Conpreqatia
1165 2545 1293 2616 censuit
1311 2567 1378 2613 rtaa
1395 2567 1465 2615 esse

186 2646 368 2716 manardus
382 2662 441 2717 aot
456 2647 609 2719 citandos
623 2649 668 2719 ad
683 2648 964 2719 residendum...»

259 2751 381 2825 Relate
404 2776 487 2826 vero
511 2754 553 2825 ad
579 2754 662 2825 illud
687 2756 780 2848 quod
805 2779 848 2826 ex
872 2756 1016 2828 adversa
1033 2756 1225 2839 dicebatur,
1243 2755 1286 2827 de
1302 2753 1464 2847 Capitulo

186 2859 280 2952 quod
305 2861 477 2933 actionem
503 2884 571 2932 non
596 2862 702 2934 babet
726 2875 848 2934 cantra
880 2863 1105 2956 capitularem
1129 2863 1335 2944 absentem,
1364 2884 1464 2954 repo·

187 2967 307 3050 nebat,
334 2965 456 3038 allatos
480 2981 599 3040 textus
614 2970 656 3040 ad
675 2993 747 3042 rem
774 2992 842 3042 nan
867 2992 967 3062 posse
992 2971 1150 3053 recitari,
1169 2993 1211 3041 ex
1237 2991 1279 3040 eo
1302 2967 1462 3061 quodibi

188 3092 259 3142 nan
277 3071 320 3141 de
337 3069 527 3155 fructuum,
546 3075 605 3144 scd
622 3074 665 3145 de
681 3073 839 3146 beneticii
857 3073 1050 3165 privatione
1067 3088 1200 3166 agatur.
1222 3072 1267 3142 Et
1283 3071 1359 3142 ideo
1375 3093 1463 3164 quac

188 3178 317 3249 ibidem
342 3181 472 3248 sancita
489 3193 584 3260 sunt,
604 3181 694 3250 trabi
712 3203 781 3251 nou
798 3203 899 3273 passe
916 3179 957 3250 ad
974 3180 1149 3251 fructuum
1167 3179 1410 3271 privationem.

259 3285 376 3367 Porro,
397 3286 681 3378 prosequebatur,
709 3309 768 3357 eos
792 3310 913 3358 amnes
931 3287 965 3355 in
984 3287 1110 3357 iudicio
1134 3307 1235 3376 agere
1259 3307 1359 3377 posse
1387 3286 1462 3376 qui,

186 3393 243 3464 vel
268 3416 312 3465 ex
336 3392 424 3484 lege,
443 3393 498 3465 vel
515 3417 559 3466 ex
576 3394 823 3474 conventione,
849 3396 904 3464 ius
928 3393 1065 3481 aliquod
1091 3393 1156 3464 sibi
1182 3392 1377 3484 quaesitum
1402 3392 1463 3462 ba-

186 3499 284 3571 bent.
312 3497 462 3571 Fructus
486 3513 604 3573 autem
627 3499 754 3592 quibus
778 3499 965 3594 privandus
982 3514 1056 3572 erat
1072 3500 1267 3572 Canonicus
1284 3502 1325 3569 Α.
1340 3500 1376 3569 in
1394 3500 1464 3568 uti-

187 3607 322 3678 litatem
347 3606 513 3679 ecclesiae
538 3606 739 3700 capitularis
756 3607 879 3680 cedere
895 3606 1079 3678 debebant.
1099 3606 1314 3699 Proindeque
1332 3608 1385 3676 ius
1401 3604 1464 3676 Ca·

187 3713 298 3804 pitulo
324 3714 359 3784 in
388 3715 562 3806 praesenti
595 3736 706 3795 casu,
736 3715 859 3806 agendi
889 3727 1008 3786 contra
1036 3714 1251 3786 Canonicum
1282 3714 1463 3786 absentem

187 3818 346 3912 denegari
373 3842 440 3892 non
466 3832 616 3914 poterat.

258 3923 356 3996 Circa
388 3927 533 3996 formam
563 3950 659 4008 vero,
685 3947 772 4018 quae
821 3951 864 3999 ex
888 3926 1032 3999 adverso
1072 3927 1229 4019 neglecta
1252 3925 1459 4008 dicebatur,

185 4029 483 4105 animadvertebat
495 4031 674 4114 Delensar,
701 4031 976 4126 aequivalentem
1001 4035 1107 4106 luisse
1131 4034 1334 4106 adhibitam.
1360 4030 1466 4126 Capi-

186 4133 299 4204 tulum
324 4137 417 4208 enim
443 4135 656 4209 Canonicum
681 4137 859 4211 absentem
885 4139 919 4208 in
947 4140 1110 4211 iudicium
1136 4150 1318 4211 vacaverat
1337 4152 1375 4206 at
1388 4140 1464 4233 pri·

186 4251 323 4309 caretur
342 4240 516 4320 amnibus,
536 4241 588 4314 vel
611 4242 791 4314 medietate
814 4258 987 4338 precatuum
1004 4247 1102 4314 iacta
1117 4241 1365 4338 dispositionem
1387 4241 1463 4313 Tri-

185 4340 317 4412 dentini
334 4343 490 4416 Caecilii.
504 4344 614 4432 Quam
631 4347 831 4420 citationem
848 4371 922 4419 esse
940 4349 1214 4442 aequivalentem
1230 4349 1463 4420 contendebat

185 4445 249 4530 illi,
267 4470 355 4540 quae
372 4450 580 4544 exprimitur
603 4450 719 4524 verbis
743 4475 847 4546 supra
872 4452 1009 4537 relatis,
1034 4474 1157 4545 nempe
1181 4451 1226 4523 ad
1249 4451 1459 4546 alleqaadom

1348 4558 1364 4589 Ι
