<?xml version="1.0" encoding="UTF-8"?>
<!DOCTYPE html PUBLIC "-//W3C//DTD XHTML 1.0 Transitional//EN"
    "http://www.w3.org/TR/xhtml1/DTD/xhtml1-transitional.dtd">
<html xmlns="http://www.w3.org/1999/xhtml" xml:lang="en" lang="en">
 <head>
  <title>
</title>
<meta http-equiv="Content-Type" content="text/html;charset=utf-8" />
  <meta name='ocr-system' content='tesseract 3.04.00' />
  <meta name='ocr-capabilities' content='ocr_page ocr_carea ocr_par ocr_line ocrx_word'/>
</head>
<body>
  <div class='ocr_page' id='page_1' title='image "actasanctaesedi00ixgoog_0027.png"; bbox 0 0 3248 5004; ppageno 0'>
   <div class='ocr_carea' id='block_1_1' title="bbox 183 439 1160 509">
    <p class='ocr_par' dir='ltr' id='par_1_1' title="bbox 183 439 1160 509">
     <span class='ocr_line' id='line_1_1' title="bbox 183 439 1160 509; baseline 0 -1"><span class='ocrx_word' id='word_1_1' title='bbox 183 439 230 509; x_wconf 77' lang='lat'><strong>22</strong></span> <span class='ocrx_word' id='word_1_2' title='bbox 467 457 633 504; x_wconf 75' lang='lat' dir='ltr'><strong>rttttrrv.</strong></span> <span class='ocrx_word' id='word_1_3' title='bbox 652 457 831 506; x_wconf 71' lang='lat' dir='ltr'><strong>seraranan</strong></span> <span class='ocrx_word' id='word_1_4' title='bbox 849 457 888 505; x_wconf 83' lang='lat' dir='ltr'><strong>ss</strong></span> <span class='ocrx_word' id='word_1_5' title='bbox 908 457 1014 505; x_wconf 79' lang='lat' dir='ltr'><strong>cartre</strong></span> <span class='ocrx_word' id='word_1_6' title='bbox 1032 457 1160 508; x_wconf 73' lang='lat' dir='ltr'><strong>currus.</strong></span> 
     </span>
    </p>
   </div>
   <div class='ocr_carea' id='block_1_2' title="bbox 171 559 1457 4582">
    <p class='ocr_par' dir='ltr' id='par_1_2' title="bbox 176 559 1457 2250">
     <span class='ocr_line' id='line_1_2' title="bbox 253 559 1448 654; baseline 0.006 -21"><span class='ocrx_word' id='word_1_7' title='bbox 253 559 337 634; x_wconf 86' lang='lat' dir='ltr'><strong>Post</strong></span> <span class='ocrx_word' id='word_1_8' title='bbox 359 559 445 633; x_wconf 85' lang='lat' dir='ltr'><strong>baec</strong></span> <span class='ocrx_word' id='word_1_9' title='bbox 468 572 585 632; x_wconf 90' lang='lat' dir='ltr'><strong>autem</strong></span> <span class='ocrx_word' id='word_1_10' title='bbox 602 559 806 632; x_wconf 85' lang='lat' dir='ltr'><strong>adulterum</strong></span> <span class='ocrx_word' id='word_1_11' title='bbox 831 572 938 654; x_wconf 86' lang='lat' dir='ltr'><strong>caput</strong></span> <span class='ocrx_word' id='word_1_12' title='bbox 961 559 1241 636; x_wconf 86' lang='lat' dir='ltr'><strong>demostmndum</strong></span> <span class='ocrx_word' id='word_1_13' title='bbox 1269 566 1448 640; x_wconf 75' lang='lat' dir='ltr'><strong>descende</strong></span> 
     </span>
     <span class='ocr_line' id='line_1_3' title="bbox 182 665 1457 763; baseline 0.003 -25"><span class='ocrx_word' id='word_1_14' title='bbox 182 667 243 739; x_wconf 87' lang='lat' dir='ltr'><strong>bat</strong></span> <span class='ocrx_word' id='word_1_15' title='bbox 259 667 404 761; x_wconf 77' lang='lat' dir='ltr'><strong>Agnetis</strong></span> <span class='ocrx_word' id='word_1_16' title='bbox 420 678 555 750; x_wconf 70' lang='lat' dir='ltr'><strong>oratum</strong></span> <span class='ocrx_word' id='word_1_17' title='bbox 572 665 731 738; x_wconf 90' lang='lat' dir='ltr'><strong>videlicet</strong></span> <span class='ocrx_word' id='word_1_18' title='bbox 748 667 931 739; x_wconf 75' lang='lat' dir='ltr'><strong>ostendere</strong></span> <span class='ocrx_word' id='word_1_19' title='bbox 947 668 1193 748; x_wconf 80' lang='lat' dir='ltr'><strong>contendebat.</strong></span> <span class='ocrx_word' id='word_1_20' title='bbox 1211 682 1349 763; x_wconf 90' lang='lat' dir='ltr'><strong>raptum</strong></span> <span class='ocrx_word' id='word_1_21' title='bbox 1367 694 1457 743; x_wconf 92' lang='lat' dir='ltr'><strong>nun·</strong></span> 
     </span>
     <span class='ocr_line' id='line_1_4' title="bbox 182 770 1453 866; baseline 0.005 -24"><span class='ocrx_word' id='word_1_22' title='bbox 182 794 287 866; x_wconf 88' lang='lat' dir='ltr'><strong>quam</strong></span> <span class='ocrx_word' id='word_1_23' title='bbox 311 770 418 844; x_wconf 82' lang='lat' dir='ltr'><strong>luisse</strong></span> <span class='ocrx_word' id='word_1_24' title='bbox 442 784 640 865; x_wconf 78' lang='lat' dir='ltr'><strong>purgatum.</strong></span> <span class='ocrx_word' id='word_1_25' title='bbox 666 770 857 843; x_wconf 80' lang='lat' dir='ltr'><strong>Praemisso</strong></span> <span class='ocrx_word' id='word_1_26' title='bbox 883 775 976 843; x_wconf 89' lang='lat' dir='ltr'><strong>enim</strong></span> <span class='ocrx_word' id='word_1_27' title='bbox 1001 774 1132 848; x_wconf 83' lang='lat' dir='ltr'><strong>eruditu</strong></span> <span class='ocrx_word' id='word_1_28' title='bbox 1147 779 1170 847; x_wconf 94' lang='lat' dir='ltr'>h</span> <span class='ocrx_word' id='word_1_29' title='bbox 1185 779 1292 851; x_wconf 85' lang='lat' dir='ltr'><strong>storia</strong></span> <span class='ocrx_word' id='word_1_30' title='bbox 1311 776 1353 849; x_wconf 91' lang='lat' dir='ltr'><strong>de</strong></span> <span class='ocrx_word' id='word_1_31' title='bbox 1377 778 1453 849; x_wconf 90' lang='lat' dir='ltr'><strong>Ec-</strong></span> 
     </span>
     <span class='ocr_line' id='line_1_5' title="bbox 180 877 1455 975; baseline 0.003 -27"><span class='ocrx_word' id='word_1_32' title='bbox 180 879 307 958; x_wconf 80' lang='lat' dir='ltr'><strong>clesiae</strong></span> <span class='ocrx_word' id='word_1_33' title='bbox 330 882 530 951; x_wconf 91' lang='lat' dir='ltr'><strong>oeconomia</strong></span> <span class='ocrx_word' id='word_1_34' title='bbox 559 877 650 949; x_wconf 90' lang='lat' dir='ltr'><strong>circa</strong></span> <span class='ocrx_word' id='word_1_35' title='bbox 678 890 815 970; x_wconf 76' lang='lat' dir='ltr'><strong>sapitum</strong></span> <span class='ocrx_word' id='word_1_36' title='bbox 832 877 1017 948; x_wconf 76' lang='lat' dir='ltr'><strong>mulierum</strong></span> <span class='ocrx_word' id='word_1_37' title='bbox 1033 879 1162 962; x_wconf 88' lang='lat' dir='ltr'><strong>babitu,</strong></span> <span class='ocrx_word' id='word_1_38' title='bbox 1189 902 1292 974; x_wconf 87' lang='lat' dir='ltr'><strong>quem</strong></span> <span class='ocrx_word' id='word_1_39' title='bbox 1316 904 1455 975; x_wconf 82' lang='lat' dir='ltr'><strong>semper</strong></span> 
     </span>
     <span class='ocr_line' id='line_1_6' title="bbox 180 983 1454 1076; baseline 0.001 -19"><span class='ocrx_word' id='word_1_40' title='bbox 180 984 338 1066; x_wconf 81' lang='lat' dir='ltr'><strong>Ecclesia</strong></span> <span class='ocrx_word' id='word_1_41' title='bbox 360 986 439 1057; x_wconf 90' lang='lat' dir='ltr'><strong>odio</strong></span> <span class='ocrx_word' id='word_1_42' title='bbox 470 983 613 1069; x_wconf 90' lang='lat' dir='ltr'><strong>habuit;</strong></span> <span class='ocrx_word' id='word_1_43' title='bbox 648 987 805 1076; x_wconf 88' lang='lat' dir='ltr'><strong>quamvis</strong></span> <span class='ocrx_word' id='word_1_44' title='bbox 841 997 923 1056; x_wconf 87' lang='lat' dir='ltr'><strong>ante</strong></span> <span class='ocrx_word' id='word_1_45' title='bbox 947 984 1182 1058; x_wconf 85' lang='lat' dir='ltr'><strong>Tridentinnm</strong></span> <span class='ocrx_word' id='word_1_46' title='bbox 1237 1009 1305 1058; x_wconf 91' lang='lat' dir='ltr'><strong>non</strong></span> <span class='ocrx_word' id='word_1_47' title='bbox 1330 987 1454 1060; x_wconf 92' lang='lat' dir='ltr'><strong>distin·</strong></span> 
     </span>
     <span class='ocr_line' id='line_1_7' title="bbox 177 1083 1455 1188; baseline 0.003 -27"><span class='ocrx_word' id='word_1_48' title='bbox 177 1102 344 1184; x_wconf 75' lang='lat' dir='ltr'><strong>gneratur</strong></span> <span class='ocrx_word' id='word_1_49' title='bbox 368 1103 489 1186; x_wconf 88' lang='lat' dir='ltr'><strong>mptus</strong></span> <span class='ocrx_word' id='word_1_50' title='bbox 528 1083 571 1162; x_wconf 91' lang='lat' dir='ltr'><strong>ab</strong></span> <span class='ocrx_word' id='word_1_51' title='bbox 587 1091 833 1183; x_wconf 91' lang='lat' dir='ltr'><strong>impedimento</strong></span> <span class='ocrx_word' id='word_1_52' title='bbox 852 1091 904 1162; x_wconf 85' lang='lat' dir='ltr'><strong>vis</strong></span> <span class='ocrx_word' id='word_1_53' title='bbox 921 1105 957 1162; x_wconf 88' lang='lat' dir='ltr'><strong>et</strong></span> <span class='ocrx_word' id='word_1_54' title='bbox 972 1105 1097 1176; x_wconf 83' lang='lat' dir='ltr'><strong>metus;</strong></span> <span class='ocrx_word' id='word_1_55' title='bbox 1116 1106 1233 1165; x_wconf 89' lang='lat' dir='ltr'><strong>tamen</strong></span> <span class='ocrx_word' id='word_1_56' title='bbox 1252 1095 1455 1188; x_wconf 79' lang='lat' dir='ltr'><strong>exigebatur</strong></span> 
     </span>
     <span class='ocr_line' id='line_1_8' title="bbox 178 1197 1451 1294; baseline 0.002 -23"><span class='ocrx_word' id='word_1_57' title='bbox 178 1212 222 1271; x_wconf 89' lang='lat' dir='ltr'><strong>ut</strong></span> <span class='ocrx_word' id='word_1_58' title='bbox 246 1198 371 1271; x_wconf 90' lang='lat' dir='ltr'><strong>mulier</strong></span> <span class='ocrx_word' id='word_1_59' title='bbox 393 1211 492 1291; x_wconf 88' lang='lat' dir='ltr'><strong>rapta</strong></span> <span class='ocrx_word' id='word_1_60' title='bbox 516 1197 552 1268; x_wconf 94' lang='lat' dir='ltr'><strong>in</strong></span> <span class='ocrx_word' id='word_1_61' title='bbox 580 1197 657 1270; x_wconf 88' lang='lat' dir='ltr'><strong>loco</strong></span> <span class='ocrx_word' id='word_1_62' title='bbox 692 1210 769 1270; x_wconf 92' lang='lat' dir='ltr'><strong>tuto</strong></span> <span class='ocrx_word' id='word_1_63' title='bbox 802 1211 838 1270; x_wconf 92' lang='lat' dir='ltr'><strong>et</strong></span> <span class='ocrx_word' id='word_1_64' title='bbox 874 1197 985 1269; x_wconf 89' lang='lat' dir='ltr'><strong>libero</strong></span> <span class='ocrx_word' id='word_1_65' title='bbox 1018 1213 1217 1292; x_wconf 76' lang='lat' dir='ltr'><strong>poneretur,</strong></span> <span class='ocrx_word' id='word_1_66' title='bbox 1250 1201 1451 1294; x_wconf 87' lang='lat' dir='ltr'><strong>priusquam</strong></span> 
     </span>
     <span class='ocr_line' id='line_1_9' title="bbox 179 1305 1451 1403; baseline 0.003 -28"><span class='ocrx_word' id='word_1_67' title='bbox 179 1305 286 1378; x_wconf 88' lang='lat' dir='ltr'><strong>iniret</strong></span> <span class='ocrx_word' id='word_1_68' title='bbox 321 1305 518 1399; x_wconf 78' lang='lat' dir='ltr'><strong>coniugium</strong></span> <span class='ocrx_word' id='word_1_69' title='bbox 543 1325 623 1376; x_wconf 91' lang='lat' dir='ltr'><strong>cum</strong></span> <span class='ocrx_word' id='word_1_70' title='bbox 649 1318 788 1398; x_wconf 83' lang='lat' dir='ltr'><strong>raptore</strong></span> <span class='ocrx_word' id='word_1_71' title='bbox 811 1328 885 1400; x_wconf 87' lang='lat' dir='ltr'><strong>cop.</strong></span> <span class='ocrx_word' id='word_1_72' title='bbox 918 1310 959 1376; x_wconf 89' lang='lat' dir='ltr'><strong>lt</strong></span> <span class='ocrx_word' id='word_1_73' title='bbox 984 1305 1025 1376; x_wconf 87' lang='lat' dir='ltr'><strong>de</strong></span> <span class='ocrx_word' id='word_1_74' title='bbox 1047 1330 1155 1402; x_wconf 86' lang='lat' dir='ltr'><strong>spons.</strong></span> <span class='ocrx_word' id='word_1_75' title='bbox 1183 1320 1215 1378; x_wconf 87' lang='lat' dir='ltr'><strong>et</strong></span> <span class='ocrx_word' id='word_1_76' title='bbox 1240 1329 1315 1403; x_wconf 86' lang='lat' dir='ltr'><strong>cop.</strong></span> <span class='ocrx_word' id='word_1_77' title='bbox 1343 1311 1384 1377; x_wconf 93' lang='lat' dir='ltr'><strong>t0</strong></span> <span class='ocrx_word' id='word_1_78' title='bbox 1409 1309 1451 1379; x_wconf 87' lang='lat' dir='ltr'><strong>de</strong></span> 
     </span>
     <span class='ocr_line' id='line_1_10' title="bbox 177 1410 1452 1507; baseline 0.002 -26"><span class='ocrx_word' id='word_1_79' title='bbox 177 1433 313 1507; x_wconf 81' lang='lat' dir='ltr'><strong>procur.</strong></span> <span class='ocrx_word' id='word_1_80' title='bbox 342 1411 388 1482; x_wconf 89' lang='lat' dir='ltr'><strong>Et</strong></span> <span class='ocrx_word' id='word_1_81' title='bbox 416 1410 576 1505; x_wconf 90' lang='lat' dir='ltr'><strong>quamvis</strong></span> <span class='ocrx_word' id='word_1_82' title='bbox 600 1433 643 1483; x_wconf 82' lang='lat' dir='ltr'><strong>ex</strong></span> <span class='ocrx_word' id='word_1_83' title='bbox 667 1434 740 1507; x_wconf 87' lang='lat' dir='ltr'><strong>cop.</strong></span> <span class='ocrx_word' id='word_1_84' title='bbox 768 1416 787 1482; x_wconf 90' lang='lat'>7</span> <span class='ocrx_word' id='word_1_85' title='bbox 818 1410 860 1482; x_wconf 89' lang='lat' dir='ltr'><strong>de</strong></span> <span class='ocrx_word' id='word_1_86' title='bbox 888 1424 977 1505; x_wconf 86' lang='lat' dir='ltr'><strong>rapt.</strong></span> <span class='ocrx_word' id='word_1_87' title='bbox 1002 1426 1100 1506; x_wconf 90' lang='lat' dir='ltr'><strong>rapta</strong></span> <span class='ocrx_word' id='word_1_88' title='bbox 1130 1413 1271 1507; x_wconf 90' lang='lat' dir='ltr'><strong>puella,</strong></span> <span class='ocrx_word' id='word_1_89' title='bbox 1298 1413 1452 1504; x_wconf 79' lang='lat' dir='ltr'><strong>legitime</strong></span> 
     </span>
     <span class='ocr_line' id='line_1_11' title="bbox 176 1519 1451 1612; baseline 0 -23"><span class='ocrx_word' id='word_1_90' title='bbox 176 1519 384 1591; x_wconf 79' lang='lat' dir='ltr'><strong>contrahere</strong></span> <span class='ocrx_word' id='word_1_91' title='bbox 409 1519 582 1612; x_wconf 81' lang='lat' dir='ltr'><strong>potuisset</strong></span> <span class='ocrx_word' id='word_1_92' title='bbox 605 1539 683 1590; x_wconf 92' lang='lat' dir='ltr'><strong>cum</strong></span> <span class='ocrx_word' id='word_1_93' title='bbox 708 1533 847 1612; x_wconf 88' lang='lat' dir='ltr'><strong>raptore</strong></span> <span class='ocrx_word' id='word_1_94' title='bbox 893 1519 923 1588; x_wconf 91' lang='lat' dir='ltr'><strong>si</strong></span> <span class='ocrx_word' id='word_1_95' title='bbox 947 1519 1042 1611; x_wconf 87' lang='lat' dir='ltr'><strong>prior</strong></span> <span class='ocrx_word' id='word_1_96' title='bbox 1064 1520 1230 1598; x_wconf 86' lang='lat' dir='ltr'><strong>dissensio</strong></span> <span class='ocrx_word' id='word_1_97' title='bbox 1255 1520 1451 1591; x_wconf 80' lang='lat' dir='ltr'><strong>transiisset</strong></span> 
     </span>
     <span class='ocr_line' id='line_1_12' title="bbox 179 1617 1453 1708; baseline 0.002 -14"><span class='ocrx_word' id='word_1_98' title='bbox 179 1617 216 1694; x_wconf 86' lang='lat' dir='ltr'><strong>in</strong></span> <span class='ocrx_word' id='word_1_99' title='bbox 249 1646 476 1708; x_wconf 89' lang='lat' dir='ltr'><strong>consensum,</strong></span> <span class='ocrx_word' id='word_1_100' title='bbox 507 1637 623 1697; x_wconf 89' lang='lat' dir='ltr'><strong>tamen</strong></span> <span class='ocrx_word' id='word_1_101' title='bbox 659 1625 693 1694; x_wconf 93' lang='lat' dir='ltr'><strong>in</strong></span> <span class='ocrx_word' id='word_1_102' title='bbox 722 1624 879 1696; x_wconf 85' lang='lat' dir='ltr'><strong>Concilio</strong></span> <span class='ocrx_word' id='word_1_103' title='bbox 909 1624 1003 1695; x_wconf 87' lang='lat' dir='ltr'><strong>Trid.</strong></span> <span class='ocrx_word' id='word_1_104' title='bbox 1023 1626 1191 1697; x_wconf 86' lang='lat' dir='ltr'><strong>sancitum</strong></span> <span class='ocrx_word' id='word_1_105' title='bbox 1222 1640 1295 1700; x_wconf 88' lang='lat' dir='ltr'><strong>est:</strong></span> <span class='ocrx_word' id='word_1_106' title='bbox 1326 1627 1453 1698; x_wconf 75' lang='lat' dir='ltr'><strong>&lt;linter</strong></span> 
     </span>
     <span class='ocr_line' id='line_1_13' title="bbox 181 1731 1453 1826; baseline 0.002 -29"><span class='ocrx_word' id='word_1_107' title='bbox 181 1757 200 1797; x_wconf 75' lang='lat' dir='ltr'><strong>a</strong></span> <span class='ocrx_word' id='word_1_108' title='bbox 220 1745 394 1824; x_wconf 88' lang='lat' dir='ltr'><strong>raptorem</strong></span> <span class='ocrx_word' id='word_1_109' title='bbox 418 1746 456 1804; x_wconf 88' lang='lat' dir='ltr'><strong>et</strong></span> <span class='ocrx_word' id='word_1_110' title='bbox 478 1742 613 1824; x_wconf 87' lang='lat' dir='ltr'><strong>raptam</strong></span> <span class='ocrx_word' id='word_1_111' title='bbox 637 1733 801 1825; x_wconf 89' lang='lat' dir='ltr'><strong>quamdiu</strong></span> <span class='ocrx_word' id='word_1_112' title='bbox 838 1732 913 1824; x_wconf 92' lang='lat' dir='ltr'><strong>ipsa</strong></span> <span class='ocrx_word' id='word_1_113' title='bbox 949 1731 982 1800; x_wconf 91' lang='lat' dir='ltr'><strong>io</strong></span> <span class='ocrx_word' id='word_1_114' title='bbox 1004 1745 1165 1826; x_wconf 80' lang='lat' dir='ltr'><strong>potestate</strong></span> <span class='ocrx_word' id='word_1_115' title='bbox 1188 1733 1335 1825; x_wconf 84' lang='lat' dir='ltr'><strong>raptoris</strong></span> <span class='ocrx_word' id='word_1_116' title='bbox 1360 1753 1453 1802; x_wconf 85' lang='lat' dir='ltr'><strong>man·</strong></span> 
     </span>
     <span class='ocr_line' id='line_1_14' title="bbox 181 1837 1451 1931; baseline 0.002 -27"><span class='ocrx_word' id='word_1_117' title='bbox 181 1839 315 1920; x_wconf 64' lang='lat' dir='ltr'><strong>escrit,</strong></span> <span class='ocrx_word' id='word_1_118' title='bbox 343 1837 479 1918; x_wconf 89' lang='lat' dir='ltr'><strong>nullum</strong></span> <span class='ocrx_word' id='word_1_119' title='bbox 502 1858 604 1929; x_wconf 87' lang='lat' dir='ltr'><strong>posse</strong></span> <span class='ocrx_word' id='word_1_120' title='bbox 627 1839 816 1912; x_wconf 89' lang='lat' dir='ltr'><strong>consistere</strong></span> <span class='ocrx_word' id='word_1_121' title='bbox 841 1837 1114 1908; x_wconf 87' lang='lat' dir='ltr'><strong>matrimonium.</strong></span> <span class='ocrx_word' id='word_1_122' title='bbox 1132 1837 1230 1924; x_wconf 80' lang='lat' dir='ltr'><strong>Quod</strong></span> <span class='ocrx_word' id='word_1_123' title='bbox 1255 1839 1284 1909; x_wconf 85' lang='lat' dir='ltr'><strong>si</strong></span> <span class='ocrx_word' id='word_1_124' title='bbox 1308 1851 1407 1931; x_wconf 86' lang='lat' dir='ltr'><strong>rapta</strong></span> <span class='ocrx_word' id='word_1_125' title='bbox 1432 1861 1451 1907; x_wconf 88' lang='lat' dir='ltr'><strong>a</strong></span> 
     </span>
     <span class='ocr_line' id='line_1_15' title="bbox 181 1939 1451 2039; baseline -0.002 -26"><span class='ocrx_word' id='word_1_126' title='bbox 181 1958 358 2038; x_wconf 76' lang='lat' dir='ltr'><strong>»raptore</strong></span> <span class='ocrx_word' id='word_1_127' title='bbox 373 1959 529 2039; x_wconf 86' lang='lat' dir='ltr'><strong>separato</strong></span> <span class='ocrx_word' id='word_1_128' title='bbox 553 1953 589 2014; x_wconf 91' lang='lat' dir='ltr'><strong>et</strong></span> <span class='ocrx_word' id='word_1_129' title='bbox 621 1943 655 2014; x_wconf 96' lang='lat' dir='ltr'><strong>in</strong></span> <span class='ocrx_word' id='word_1_130' title='bbox 691 1941 760 2015; x_wconf 86' lang='lat' dir='ltr'><strong>loco</strong></span> <span class='ocrx_word' id='word_1_131' title='bbox 796 1959 866 2014; x_wconf 85' lang='lat' dir='ltr'><strong>tuto</strong></span> <span class='ocrx_word' id='word_1_132' title='bbox 890 1965 931 2014; x_wconf 88' lang='lat' dir='ltr'><strong>oc</strong></span> <span class='ocrx_word' id='word_1_133' title='bbox 966 1939 1069 2014; x_wconf 81' lang='lat' dir='ltr'><strong>libero</strong></span> <span class='ocrx_word' id='word_1_134' title='bbox 1092 1943 1269 2013; x_wconf 85' lang='lat' dir='ltr'><strong>constituto</strong></span> <span class='ocrx_word' id='word_1_135' title='bbox 1293 1943 1390 2013; x_wconf 91' lang='lat' dir='ltr'><strong>illum</strong></span> <span class='ocrx_word' id='word_1_136' title='bbox 1416 1943 1451 2013; x_wconf 94' lang='lat' dir='ltr'><strong>in</strong></span> 
     </span>
     <span class='ocr_line' id='line_1_16' title="bbox 182 2049 1449 2144; baseline -0.002 -28"><span class='ocrx_word' id='word_1_137' title='bbox 182 2051 334 2122; x_wconf 82' lang='lat' dir='ltr'><strong>avirum</strong></span> <span class='ocrx_word' id='word_1_138' title='bbox 361 2049 488 2121; x_wconf 85' lang='lat' dir='ltr'><strong>habero</strong></span> <span class='ocrx_word' id='word_1_139' title='bbox 520 2052 751 2133; x_wconf 85' lang='lat' dir='ltr'><strong>consenserit,</strong></span> <span class='ocrx_word' id='word_1_140' title='bbox 778 2069 862 2122; x_wconf 87' lang='lat' dir='ltr'><strong>enm</strong></span> <span class='ocrx_word' id='word_1_141' title='bbox 883 2062 1002 2144; x_wconf 90' lang='lat' dir='ltr'><strong>raptor</strong></span> <span class='ocrx_word' id='word_1_142' title='bbox 1034 2049 1068 2118; x_wconf 96' lang='lat' dir='ltr'><strong>in</strong></span> <span class='ocrx_word' id='word_1_143' title='bbox 1098 2071 1239 2121; x_wconf 86' lang='lat' dir='ltr'><strong>uxorem</strong></span> <span class='ocrx_word' id='word_1_144' title='bbox 1272 2050 1449 2122; x_wconf 79' lang='lat' dir='ltr'><strong>habenta</strong></span> 
     </span>
     <span class='ocr_line' id='line_1_17' title="bbox 179 2154 993 2250; baseline -0.004 -24"><span class='ocrx_word' id='word_1_145' title='bbox 179 2154 288 2227; x_wconf 88' lang='lat' dir='ltr'><strong>Conc.</strong></span> <span class='ocrx_word' id='word_1_146' title='bbox 307 2154 401 2226; x_wconf 87' lang='lat' dir='ltr'><strong>Trid.</strong></span> <span class='ocrx_word' id='word_1_147' title='bbox 419 2178 498 2226; x_wconf 85' lang='lat' dir='ltr'><strong>sess.</strong></span> <span class='ocrx_word' id='word_1_148' title='bbox 518 2159 562 2226; x_wconf 74' lang='lat'><strong>24</strong></span> <span class='ocrx_word' id='word_1_149' title='bbox 579 2177 608 2226; x_wconf 88' lang='lat' dir='ltr'><strong>c.</strong></span> <span class='ocrx_word' id='word_1_150' title='bbox 630 2159 650 2226; x_wconf 83' lang='lat'><strong>6</strong></span> <span class='ocrx_word' id='word_1_151' title='bbox 666 2155 708 2226; x_wconf 87' lang='lat' dir='ltr'><strong>de</strong></span> <span class='ocrx_word' id='word_1_152' title='bbox 732 2157 872 2250; x_wconf 71' lang='lat' dir='ltr'><strong>reform.</strong></span> <span class='ocrx_word' id='word_1_153' title='bbox 891 2167 993 2224; x_wconf 79' lang='lat' dir='ltr'><strong>mota.</strong></span> 
     </span>
    </p>

    <p class='ocr_par' dir='ltr' id='par_1_3' title="bbox 176 2259 1453 3102">
     <span class='ocr_line' id='line_1_18' title="bbox 251 2259 1447 2357; baseline -0.001 -23"><span class='ocrx_word' id='word_1_154' title='bbox 251 2261 306 2334; x_wconf 82' lang='lat' dir='ltr'><strong>Ex</strong></span> <span class='ocrx_word' id='word_1_155' title='bbox 329 2262 373 2332; x_wconf 89' lang='lat' dir='ltr'><strong>iis</strong></span> <span class='ocrx_word' id='word_1_156' title='bbox 397 2275 515 2334; x_wconf 90' lang='lat' dir='ltr'><strong>autem</strong></span> <span class='ocrx_word' id='word_1_157' title='bbox 539 2283 627 2353; x_wconf 89' lang='lat' dir='ltr'><strong>quae</strong></span> <span class='ocrx_word' id='word_1_158' title='bbox 651 2264 812 2356; x_wconf 89' lang='lat' dir='ltr'><strong>superius</strong></span> <span class='ocrx_word' id='word_1_159' title='bbox 848 2261 887 2331; x_wconf 95' lang='lat' dir='ltr'><strong>in·</strong></span> <span class='ocrx_word' id='word_1_160' title='bbox 921 2259 1002 2333; x_wconf 86' lang='lat' dir='ltr'><strong>lacti</strong></span> <span class='ocrx_word' id='word_1_161' title='bbox 1039 2263 1241 2357; x_wconf 88' lang='lat' dir='ltr'><strong>compendio</strong></span> <span class='ocrx_word' id='word_1_162' title='bbox 1268 2262 1447 2335; x_wconf 88' lang='lat' dir='ltr'><strong>adumbra-</strong></span> 
     </span>
     <span class='ocr_line' id='line_1_19' title="bbox 180 2367 1453 2461; baseline 0 -24"><span class='ocrx_word' id='word_1_163' title='bbox 180 2369 294 2440; x_wconf 88' lang='lat' dir='ltr'><strong>vimus</strong></span> <span class='ocrx_word' id='word_1_164' title='bbox 317 2367 499 2441; x_wconf 89' lang='lat' dir='ltr'><strong>ostendere</strong></span> <span class='ocrx_word' id='word_1_165' title='bbox 524 2367 682 2440; x_wconf 86' lang='lat' dir='ltr'><strong>delensor</strong></span> <span class='ocrx_word' id='word_1_166' title='bbox 706 2368 883 2450; x_wconf 84' lang='lat' dir='ltr'><strong>studebat,</strong></span> <span class='ocrx_word' id='word_1_167' title='bbox 920 2369 1088 2461; x_wconf 78' lang='lat' dir='ltr'><strong>Agnetem</strong></span> <span class='ocrx_word' id='word_1_168' title='bbox 1124 2371 1292 2442; x_wconf 89' lang='lat' dir='ltr'><strong>mansisse</strong></span> <span class='ocrx_word' id='word_1_169' title='bbox 1326 2369 1453 2461; x_wconf 78' lang='lat' dir='ltr'><strong>iugiter</strong></span> 
     </span>
     <span class='ocr_line' id='line_1_20' title="bbox 179 2473 1450 2569; baseline -0.001 -25"><span class='ocrx_word' id='word_1_170' title='bbox 179 2473 246 2544; x_wconf 92' lang='lat' dir='ltr'><strong>sub</strong></span> <span class='ocrx_word' id='word_1_171' title='bbox 269 2473 464 2568; x_wconf 84' lang='lat' dir='ltr'><strong>Sempronii</strong></span> <span class='ocrx_word' id='word_1_172' title='bbox 490 2487 661 2567; x_wconf 85' lang='lat' dir='ltr'><strong>potestate</strong></span> <span class='ocrx_word' id='word_1_173' title='bbox 684 2499 748 2569; x_wconf 88' lang='lat' dir='ltr'><strong>per</strong></span> <span class='ocrx_word' id='word_1_174' title='bbox 772 2474 1012 2547; x_wconf 87' lang='lat' dir='ltr'><strong>Educatricem</strong></span> <span class='ocrx_word' id='word_1_175' title='bbox 1039 2497 1127 2569; x_wconf 88' lang='lat' dir='ltr'><strong>quae</strong></span> <span class='ocrx_word' id='word_1_176' title='bbox 1155 2487 1229 2548; x_wconf 87' lang='lat' dir='ltr'><strong>erat</strong></span> <span class='ocrx_word' id='word_1_177' title='bbox 1256 2473 1450 2566; x_wconf 87' lang='lat' dir='ltr'><strong>Sempronii</strong></span> 
     </span>
     <span class='ocr_line' id='line_1_21' title="bbox 179 2577 1449 2674; baseline 0.001 -25"><span class='ocrx_word' id='word_1_178' title='bbox 179 2579 410 2651; x_wconf 72' lang='lat' dir='ltr'><strong>mandatarius</strong></span> <span class='ocrx_word' id='word_1_179' title='bbox 448 2601 560 2673; x_wconf 89' lang='lat' dir='ltr'><strong>neque</strong></span> <span class='ocrx_word' id='word_1_180' title='bbox 594 2582 745 2674; x_wconf 90' lang='lat' dir='ltr'><strong>positam</strong></span> <span class='ocrx_word' id='word_1_181' title='bbox 773 2579 879 2652; x_wconf 85' lang='lat' dir='ltr'><strong>luisse</strong></span> <span class='ocrx_word' id='word_1_182' title='bbox 915 2581 950 2651; x_wconf 91' lang='lat' dir='ltr'><strong>in</strong></span> <span class='ocrx_word' id='word_1_183' title='bbox 985 2578 1053 2652; x_wconf 85' lang='lat' dir='ltr'><strong>loco</strong></span> <span class='ocrx_word' id='word_1_184' title='bbox 1088 2595 1159 2652; x_wconf 84' lang='lat' dir='ltr'><strong>tato</strong></span> <span class='ocrx_word' id='word_1_185' title='bbox 1182 2594 1216 2652; x_wconf 87' lang='lat' dir='ltr'><strong>et</strong></span> <span class='ocrx_word' id='word_1_186' title='bbox 1251 2577 1367 2649; x_wconf 82' lang='lat' dir='ltr'><strong>libero.</strong></span> <span class='ocrx_word' id='word_1_187' title='bbox 1399 2581 1449 2650; x_wconf 74' lang='lat' dir='ltr'><strong>Ad</strong></span> 
     </span>
     <span class='ocr_line' id='line_1_22' title="bbox 178 2685 1449 2783; baseline -0.001 -25"><span class='ocrx_word' id='word_1_188' title='bbox 178 2687 405 2759; x_wconf 86' lang='lat' dir='ltr'><strong>diversorium</strong></span> <span class='ocrx_word' id='word_1_189' title='bbox 423 2688 514 2759; x_wconf 89' lang='lat' dir='ltr'><strong>enim</strong></span> <span class='ocrx_word' id='word_1_190' title='bbox 530 2700 735 2783; x_wconf 86' lang='lat' dir='ltr'><strong>pervenerat</strong></span> <span class='ocrx_word' id='word_1_191' title='bbox 748 2688 864 2780; x_wconf 80' lang='lat' dir='ltr'><strong>Agnes</strong></span> <span class='ocrx_word' id='word_1_192' title='bbox 874 2711 918 2759; x_wconf 85' lang='lat' dir='ltr'><strong>ex</strong></span> <span class='ocrx_word' id='word_1_193' title='bbox 928 2688 1166 2781; x_wconf 87' lang='lat' dir='ltr'><strong>praeordinata</strong></span> <span class='ocrx_word' id='word_1_194' title='bbox 1181 2685 1449 2764; x_wconf 80' lang='lat' dir='ltr'><strong>machinatione,</strong></span> 
     </span>
     <span class='ocr_line' id='line_1_23' title="bbox 177 2792 1452 2890; baseline 0.001 -26"><span class='ocrx_word' id='word_1_195' title='bbox 177 2794 270 2886; x_wconf 88' lang='lat' dir='ltr'><strong>quod</strong></span> <span class='ocrx_word' id='word_1_196' title='bbox 293 2816 406 2888; x_wconf 88' lang='lat' dir='ltr'><strong>neque</strong></span> <span class='ocrx_word' id='word_1_197' title='bbox 430 2807 539 2864; x_wconf 82' lang='lat' dir='ltr'><strong>tntrtm</strong></span> <span class='ocrx_word' id='word_1_198' title='bbox 562 2808 637 2868; x_wconf 90' lang='lat' dir='ltr'><strong>erat</strong></span> <span class='ocrx_word' id='word_1_199' title='bbox 663 2807 785 2888; x_wconf 91' lang='lat' dir='ltr'><strong>utpote</strong></span> <span class='ocrx_word' id='word_1_200' title='bbox 806 2793 999 2890; x_wconf 65' lang='lat' dir='ltr'><strong>practicam</strong></span> <span class='ocrx_word' id='word_1_201' title='bbox 1024 2817 1136 2888; x_wconf 88' lang='lat' dir='ltr'><strong>neque</strong></span> <span class='ocrx_word' id='word_1_202' title='bbox 1160 2792 1303 2864; x_wconf 83' lang='lat' dir='ltr'><strong>liberum</strong></span> <span class='ocrx_word' id='word_1_203' title='bbox 1327 2795 1362 2863; x_wconf 92' lang='lat' dir='ltr'><strong>in</strong></span> <span class='ocrx_word' id='word_1_204' title='bbox 1383 2816 1452 2887; x_wconf 92' lang='lat' dir='ltr'><strong>quo</strong></span> 
     </span>
     <span class='ocr_line' id='line_1_24' title="bbox 176 2899 1452 2984; baseline 0 -13"><span class='ocrx_word' id='word_1_205' title='bbox 176 2901 398 2973; x_wconf 88' lang='lat' dir='ltr'><strong>detinebatur</strong></span> <span class='ocrx_word' id='word_1_206' title='bbox 421 2900 465 2972; x_wconf 89' lang='lat' dir='ltr'><strong>ad</strong></span> <span class='ocrx_word' id='word_1_207' title='bbox 488 2902 597 2973; x_wconf 90' lang='lat' dir='ltr'><strong>instar</strong></span> <span class='ocrx_word' id='word_1_208' title='bbox 621 2901 769 2974; x_wconf 88' lang='lat' dir='ltr'><strong>carceris</strong></span> <span class='ocrx_word' id='word_1_209' title='bbox 793 2901 858 2971; x_wconf 88' lang='lat' dir='ltr'><strong>sub</strong></span> <span class='ocrx_word' id='word_1_210' title='bbox 882 2900 1097 2974; x_wconf 85' lang='lat' dir='ltr'><strong>Educatricis</strong></span> <span class='ocrx_word' id='word_1_211' title='bbox 1120 2899 1289 2984; x_wconf 88' lang='lat' dir='ltr'><strong>custodia,</strong></span> <span class='ocrx_word' id='word_1_212' title='bbox 1311 2914 1347 2974; x_wconf 89' lang='lat' dir='ltr'><strong>et</strong></span> <span class='ocrx_word' id='word_1_213' title='bbox 1363 2901 1452 2973; x_wconf 89' lang='lat' dir='ltr'><strong>liber</strong></span> 
     </span>
     <span class='ocr_line' id='line_1_25' title="bbox 176 3007 1278 3102; baseline -0.003 -24"><span class='ocrx_word' id='word_1_214' title='bbox 176 3007 292 3078; x_wconf 87' lang='lat' dir='ltr'><strong>aditus</strong></span> <span class='ocrx_word' id='word_1_215' title='bbox 314 3031 336 3081; x_wconf 87' lang='lat' dir='ltr'><strong>e</strong></span> <span class='ocrx_word' id='word_1_216' title='bbox 360 3021 479 3081; x_wconf 87' lang='lat' dir='ltr'><strong>contra</strong></span> <span class='ocrx_word' id='word_1_217' title='bbox 503 3008 708 3101; x_wconf 88' lang='lat' dir='ltr'><strong>Sempronio</strong></span> <span class='ocrx_word' id='word_1_218' title='bbox 732 3007 874 3102; x_wconf 89' lang='lat' dir='ltr'><strong>patebat</strong></span> <span class='ocrx_word' id='word_1_219' title='bbox 914 3009 956 3079; x_wconf 92' lang='lat' dir='ltr'><strong>ad</strong></span> <span class='ocrx_word' id='word_1_220' title='bbox 980 3010 1065 3080; x_wconf 92' lang='lat' dir='ltr'><strong>illud</strong></span> <span class='ocrx_word' id='word_1_221' title='bbox 1081 3007 1278 3080; x_wconf 88' lang='lat' dir='ltr'><strong>accedendi.</strong></span> 
     </span>
    </p>

    <p class='ocr_par' dir='ltr' id='par_1_4' title="bbox 173 3113 1450 4036">
     <span class='ocr_line' id='line_1_26' title="bbox 247 3113 1450 3209; baseline 0.002 -25"><span class='ocrx_word' id='word_1_222' title='bbox 247 3113 448 3186; x_wconf 81' lang='lat' dir='ltr'><strong>Difficultati</strong></span> <span class='ocrx_word' id='word_1_223' title='bbox 472 3127 652 3209; x_wconf 86' lang='lat' dir='ltr'><strong>praeterea</strong></span> <span class='ocrx_word' id='word_1_224' title='bbox 675 3136 779 3208; x_wconf 90' lang='lat' dir='ltr'><strong>quam</strong></span> <span class='ocrx_word' id='word_1_225' title='bbox 804 3113 870 3184; x_wconf 91' lang='lat' dir='ltr'><strong>sibi</strong></span> <span class='ocrx_word' id='word_1_226' title='bbox 887 3115 1100 3209; x_wconf 90' lang='lat' dir='ltr'><strong>proponebat</strong></span> <span class='ocrx_word' id='word_1_227' title='bbox 1116 3113 1288 3196; x_wconf 85' lang='lat' dir='ltr'><strong>defensor,</strong></span> <span class='ocrx_word' id='word_1_228' title='bbox 1318 3113 1450 3186; x_wconf 88' lang='lat' dir='ltr'><strong>scilicet</strong></span> 
     </span>
     <span class='ocr_line' id='line_1_27' title="bbox 175 3219 1448 3314; baseline 0.001 -23"><span class='ocrx_word' id='word_1_229' title='bbox 175 3219 268 3313; x_wconf 88' lang='lat' dir='ltr'><strong>quod</strong></span> <span class='ocrx_word' id='word_1_230' title='bbox 292 3221 407 3313; x_wconf 77' lang='lat' dir='ltr'><strong>Agnes</strong></span> <span class='ocrx_word' id='word_1_231' title='bbox 430 3233 568 3314; x_wconf 88' lang='lat' dir='ltr'><strong>poterat</strong></span> <span class='ocrx_word' id='word_1_232' title='bbox 592 3219 635 3291; x_wconf 90' lang='lat' dir='ltr'><strong>sd</strong></span> <span class='ocrx_word' id='word_1_233' title='bbox 659 3234 840 3314; x_wconf 86' lang='lat' dir='ltr'><strong>paternam</strong></span> <span class='ocrx_word' id='word_1_234' title='bbox 874 3221 1014 3294; x_wconf 94' lang='lat' dir='ltr'><strong>domum</strong></span> <span class='ocrx_word' id='word_1_235' title='bbox 1049 3221 1175 3302; x_wconf 88' lang='lat' dir='ltr'><strong>redire,</strong></span> <span class='ocrx_word' id='word_1_236' title='bbox 1213 3221 1303 3293; x_wconf 91' lang='lat' dir='ltr'><strong>inter</strong></span> <span class='ocrx_word' id='word_1_237' title='bbox 1334 3235 1448 3294; x_wconf 87' lang='lat' dir='ltr'><strong>cetera</strong></span> 
     </span>
     <span class='ocr_line' id='line_1_28' title="bbox 176 3325 1450 3423; baseline 0 -28"><span class='ocrx_word' id='word_1_238' title='bbox 176 3327 418 3419; x_wconf 83' lang='lat' dir='ltr'><strong>respondebat,</strong></span> <span class='ocrx_word' id='word_1_239' title='bbox 435 3349 504 3398; x_wconf 93' lang='lat' dir='ltr'><strong>non</strong></span> <span class='ocrx_word' id='word_1_240' title='bbox 531 3349 605 3399; x_wconf 87' lang='lat' dir='ltr'><strong>esse</strong></span> <span class='ocrx_word' id='word_1_241' title='bbox 629 3327 706 3400; x_wconf 89' lang='lat' dir='ltr'><strong>heic</strong></span> <span class='ocrx_word' id='word_1_242' title='bbox 730 3327 846 3400; x_wconf 89' lang='lat' dir='ltr'><strong>locum</strong></span> <span class='ocrx_word' id='word_1_243' title='bbox 869 3327 1055 3419; x_wconf 88' lang='lat' dir='ltr'><strong>quaerendi</strong></span> <span class='ocrx_word' id='word_1_244' title='bbox 1079 3325 1163 3423; x_wconf 86' lang='lat' dir='ltr'><strong>qnid</strong></span> <span class='ocrx_word' id='word_1_245' title='bbox 1184 3326 1297 3420; x_wconf 66' lang='lat' dir='ltr'><strong>locere</strong></span> <span class='ocrx_word' id='word_1_246' title='bbox 1317 3341 1450 3423; x_wconf 87' lang='lat' dir='ltr'><strong>poterut</strong></span> 
     </span>
     <span class='ocr_line' id='line_1_29' title="bbox 177 3429 1447 3529; baseline 0 -29"><span class='ocrx_word' id='word_1_247' title='bbox 177 3437 305 3523; x_wconf 75' lang='lat' dir='ltr'><strong>Agnes,</strong></span> <span class='ocrx_word' id='word_1_248' title='bbox 331 3433 392 3504; x_wconf 87' lang='lat' dir='ltr'><strong>sed</strong></span> <span class='ocrx_word' id='word_1_249' title='bbox 416 3433 599 3504; x_wconf 82' lang='lat' dir='ltr'><strong>dumtaxat</strong></span> <span class='ocrx_word' id='word_1_250' title='bbox 622 3430 705 3528; x_wconf 84' lang='lat' dir='ltr'><strong>qnid</strong></span> <span class='ocrx_word' id='word_1_251' title='bbox 727 3433 855 3527; x_wconf 78' lang='lat' dir='ltr'><strong>[actum</strong></span> <span class='ocrx_word' id='word_1_252' title='bbox 881 3434 998 3529; x_wconf 66' lang='lat' dir='ltr'><strong>(nent.</strong></span> <span class='ocrx_word' id='word_1_253' title='bbox 1038 3433 1092 3504; x_wconf 87' lang='lat' dir='ltr'><strong>Ex</strong></span> <span class='ocrx_word' id='word_1_254' title='bbox 1121 3429 1236 3503; x_wconf 89' lang='lat' dir='ltr'><strong>indole</strong></span> <span class='ocrx_word' id='word_1_255' title='bbox 1265 3433 1356 3502; x_wconf 90' lang='lat' dir='ltr'><strong>enim</strong></span> <span class='ocrx_word' id='word_1_256' title='bbox 1382 3431 1447 3502; x_wconf 91' lang='lat' dir='ltr'><strong>loci</strong></span> 
     </span>
     <span class='ocr_line' id='line_1_30' title="bbox 175 3537 1450 3633; baseline -0.002 -26"><span class='ocrx_word' id='word_1_257' title='bbox 175 3538 210 3608; x_wconf 93' lang='lat' dir='ltr'><strong>in</strong></span> <span class='ocrx_word' id='word_1_258' title='bbox 235 3560 305 3631; x_wconf 93' lang='lat' dir='ltr'><strong>quo</strong></span> <span class='ocrx_word' id='word_1_259' title='bbox 330 3551 427 3632; x_wconf 88' lang='lat' dir='ltr'><strong>rapta</strong></span> <span class='ocrx_word' id='word_1_260' title='bbox 452 3539 565 3632; x_wconf 90' lang='lat' dir='ltr'><strong>puella</strong></span> <span class='ocrx_word' id='word_1_261' title='bbox 590 3540 743 3633; x_wconf 89' lang='lat' dir='ltr'><strong>ponitur,</strong></span> <span class='ocrx_word' id='word_1_262' title='bbox 776 3552 856 3632; x_wconf 92' lang='lat' dir='ltr'><strong>post</strong></span> <span class='ocrx_word' id='word_1_263' title='bbox 890 3538 1131 3611; x_wconf 84' lang='lat' dir='ltr'><strong>Tridentinam</strong></span> <span class='ocrx_word' id='word_1_264' title='bbox 1165 3537 1290 3630; x_wconf 80' lang='lat' dir='ltr'><strong>legem,</strong></span> <span class='ocrx_word' id='word_1_265' title='bbox 1321 3538 1450 3630; x_wconf 88' lang='lat' dir='ltr'><strong>pendet</strong></span> 
     </span>
     <span class='ocr_line' id='line_1_31' title="bbox 173 3643 1449 3738; baseline -0.002 -22"><span class='ocrx_word' id='word_1_266' title='bbox 173 3665 365 3716; x_wconf 85' lang='lat' dir='ltr'><strong>consensus</strong></span> <span class='ocrx_word' id='word_1_267' title='bbox 388 3644 558 3717; x_wconf 87' lang='lat' dir='ltr'><strong>validitas.</strong></span> <span class='ocrx_word' id='word_1_268' title='bbox 584 3644 673 3717; x_wconf 89' lang='lat' dir='ltr'><strong>Cum</strong></span> <span class='ocrx_word' id='word_1_269' title='bbox 698 3645 815 3738; x_wconf 88' lang='lat' dir='ltr'><strong>itaque</strong></span> <span class='ocrx_word' id='word_1_270' title='bbox 851 3645 1012 3718; x_wconf 79' lang='lat' dir='ltr'><strong>desasto</strong></span> <span class='ocrx_word' id='word_1_271' title='bbox 1064 3644 1178 3736; x_wconf 77' lang='lat' dir='ltr'><strong>Agnes</strong></span> <span class='ocrx_word' id='word_1_272' title='bbox 1202 3666 1269 3715; x_wconf 90' lang='lat' dir='ltr'><strong>non</strong></span> <span class='ocrx_word' id='word_1_273' title='bbox 1296 3643 1402 3715; x_wconf 81' lang='lat' dir='ltr'><strong>fuerit</strong></span> <span class='ocrx_word' id='word_1_274' title='bbox 1430 3666 1449 3714; x_wconf 87' lang='lat' dir='ltr'><strong>a</strong></span> 
     </span>
     <span class='ocr_line' id='line_1_32' title="bbox 176 3748 1449 3844; baseline -0.001 -24"><span class='ocrx_word' id='word_1_275' title='bbox 176 3764 315 3844; x_wconf 88' lang='lat' dir='ltr'><strong>raptore</strong></span> <span class='ocrx_word' id='word_1_276' title='bbox 339 3762 520 3843; x_wconf 83' lang='lat' dir='ltr'><strong>separata,</strong></span> <span class='ocrx_word' id='word_1_277' title='bbox 551 3773 665 3844; x_wconf 84' lang='lat' dir='ltr'><strong>neque</strong></span> <span class='ocrx_word' id='word_1_278' title='bbox 690 3751 724 3821; x_wconf 92' lang='lat' dir='ltr'><strong>in</strong></span> <span class='ocrx_word' id='word_1_279' title='bbox 749 3751 825 3824; x_wconf 88' lang='lat' dir='ltr'><strong>loco</strong></span> <span class='ocrx_word' id='word_1_280' title='bbox 853 3763 932 3824; x_wconf 93' lang='lat' dir='ltr'><strong>tuto</strong></span> <span class='ocrx_word' id='word_1_281' title='bbox 957 3773 997 3822; x_wconf 90' lang='lat' dir='ltr'><strong>ac</strong></span> <span class='ocrx_word' id='word_1_282' title='bbox 1021 3748 1130 3821; x_wconf 89' lang='lat' dir='ltr'><strong>libem</strong></span> <span class='ocrx_word' id='word_1_283' title='bbox 1158 3751 1347 3821; x_wconf 86' lang='lat' dir='ltr'><strong>constituta</strong></span> <span class='ocrx_word' id='word_1_284' title='bbox 1375 3750 1449 3820; x_wconf 88' lang='lat' dir='ltr'><strong>sive</strong></span> 
     </span>
     <span class='ocr_line' id='line_1_33' title="bbox 175 3855 1450 3951; baseline -0.001 -25"><span class='ocrx_word' id='word_1_285' title='bbox 175 3857 249 3951; x_wconf 90' lang='lat' dir='ltr'><strong>ipsa</strong></span> <span class='ocrx_word' id='word_1_286' title='bbox 273 3857 339 3928; x_wconf 89' lang='lat' dir='ltr'><strong>hoc</strong></span> <span class='ocrx_word' id='word_1_287' title='bbox 363 3857 537 3941; x_wconf 85' lang='lat' dir='ltr'><strong>omiserit,</strong></span> <span class='ocrx_word' id='word_1_288' title='bbox 563 3858 637 3930; x_wconf 91' lang='lat' dir='ltr'><strong>sive</strong></span> <span class='ocrx_word' id='word_1_289' title='bbox 661 3858 733 3942; x_wconf 89' lang='lat' dir='ltr'><strong>alii,</strong></span> <span class='ocrx_word' id='word_1_290' title='bbox 758 3857 1019 3930; x_wconf 87' lang='lat' dir='ltr'><strong>matrimonium</strong></span> <span class='ocrx_word' id='word_1_291' title='bbox 1043 3857 1092 3928; x_wconf 89' lang='lat' dir='ltr'><strong>sie</strong></span> <span class='ocrx_word' id='word_1_292' title='bbox 1117 3868 1347 3940; x_wconf 82' lang='lat' dir='ltr'><strong>contractum,</strong></span> <span class='ocrx_word' id='word_1_293' title='bbox 1373 3855 1450 3926; x_wconf 84' lang='lat' dir='ltr'><strong>irri-</strong></span> 
     </span>
     <span class='ocr_line' id='line_1_34' title="bbox 174 3964 570 4036; baseline -0.005 -2"><span class='ocrx_word' id='word_1_294' title='bbox 174 3975 250 4034; x_wconf 93' lang='lat' dir='ltr'><strong>tum</strong></span> <span class='ocrx_word' id='word_1_295' title='bbox 276 3976 330 4035; x_wconf 89' lang='lat' dir='ltr'><strong>est</strong></span> <span class='ocrx_word' id='word_1_296' title='bbox 346 3964 570 4036; x_wconf 88' lang='lat' dir='ltr'><strong>censendum.</strong></span> 
     </span>
    </p>

    <p class='ocr_par' dir='ltr' id='par_1_5' title="bbox 171 4065 1451 4582">
     <span class='ocr_line' id='line_1_35' title="bbox 244 4065 1450 4166; baseline -0.003 -26"><span class='ocrx_word' id='word_1_297' title='bbox 244 4067 362 4164; x_wconf 87' lang='lat' dir='ltr'><strong>Neque</strong></span> <span class='ocrx_word' id='word_1_298' title='bbox 379 4068 535 4153; x_wconf 87' lang='lat' dir='ltr'><strong>obiicias,</strong></span> <span class='ocrx_word' id='word_1_299' title='bbox 553 4069 782 4165; x_wconf 82' lang='lat' dir='ltr'><strong>subiungebat</strong></span> <span class='ocrx_word' id='word_1_300' title='bbox 807 4071 980 4154; x_wconf 79' lang='lat' dir='ltr'><strong>defensor,</strong></span> <span class='ocrx_word' id='word_1_301' title='bbox 1006 4072 1097 4166; x_wconf 89' lang='lat' dir='ltr'><strong>quod</strong></span> <span class='ocrx_word' id='word_1_302' title='bbox 1125 4073 1241 4162; x_wconf 77' lang='lat' dir='ltr'><strong>Agnes</strong></span> <span class='ocrx_word' id='word_1_303' title='bbox 1264 4065 1450 4140; x_wconf 83' lang='lat' dir='ltr'><strong>nonnullos</strong></span> 
     </span>
     <span class='ocr_line' id='line_1_36' title="bbox 172 4175 1447 4272; baseline -0.002 -27"><span class='ocrx_word' id='word_1_304' title='bbox 172 4184 273 4245; x_wconf 89' lang='lat' dir='ltr'><strong>actus</strong></span> <span class='ocrx_word' id='word_1_305' title='bbox 296 4175 404 4250; x_wconf 89' lang='lat' dir='ltr'><strong>libere</strong></span> <span class='ocrx_word' id='word_1_306' title='bbox 429 4177 587 4250; x_wconf 85' lang='lat' dir='ltr'><strong>exercuit</strong></span> <span class='ocrx_word' id='word_1_307' title='bbox 617 4201 659 4250; x_wconf 90' lang='lat' dir='ltr'><strong>eo</strong></span> <span class='ocrx_word' id='word_1_308' title='bbox 690 4179 783 4272; x_wconf 89' lang='lat' dir='ltr'><strong>quod</strong></span> <span class='ocrx_word' id='word_1_309' title='bbox 819 4177 1003 4256; x_wconf 86' lang='lat' dir='ltr'><strong>accesserit</strong></span> <span class='ocrx_word' id='word_1_310' title='bbox 1027 4177 1070 4250; x_wconf 91' lang='lat' dir='ltr'><strong>ad</strong></span> <span class='ocrx_word' id='word_1_311' title='bbox 1093 4175 1375 4259; x_wconf 74' lang='lat' dir='ltr'><strong>confessarium,</strong></span> <span class='ocrx_word' id='word_1_312' title='bbox 1407 4175 1447 4242; x_wconf 78' lang='lat' dir='ltr'><strong>ad</strong></span> 
     </span>
     <span class='ocr_line' id='line_1_37' title="bbox 176 4279 1451 4377; baseline 0 -28"><span class='ocrx_word' id='word_1_313' title='bbox 176 4279 400 4353; x_wconf 75' lang='lat' dir='ltr'><strong>Advocatum.</strong></span> <span class='ocrx_word' id='word_1_314' title='bbox 415 4283 556 4356; x_wconf 89' lang='lat' dir='ltr'><strong>Etenim</strong></span> <span class='ocrx_word' id='word_1_315' title='bbox 573 4285 766 4357; x_wconf 86' lang='lat' dir='ltr'><strong>concilieris</strong></span> <span class='ocrx_word' id='word_1_316' title='bbox 778 4284 924 4364; x_wconf 86' lang='lat' dir='ltr'><strong>sanctio,</strong></span> <span class='ocrx_word' id='word_1_317' title='bbox 938 4306 1027 4377; x_wconf 87' lang='lat' dir='ltr'><strong>quae</strong></span> <span class='ocrx_word' id='word_1_318' title='bbox 1043 4283 1152 4376; x_wconf 74' lang='lat' dir='ltr'><strong>exigit</strong></span> <span class='ocrx_word' id='word_1_319' title='bbox 1167 4280 1277 4352; x_wconf 88' lang='lat' dir='ltr'><strong>locum</strong></span> <span class='ocrx_word' id='word_1_320' title='bbox 1292 4279 1451 4358; x_wconf 78' lang='lat' dir='ltr'><strong>liberum,</strong></span> 
     </span>
     <span class='ocr_line' id='line_1_38' title="bbox 173 4389 1450 4484; baseline 0.001 -30"><span class='ocrx_word' id='word_1_321' title='bbox 173 4407 244 4455; x_wconf 92' lang='lat' dir='ltr'><strong>nou</strong></span> <span class='ocrx_word' id='word_1_322' title='bbox 267 4389 461 4461; x_wconf 85' lang='lat' dir='ltr'><strong>considerat</strong></span> <span class='ocrx_word' id='word_1_323' title='bbox 484 4389 618 4484; x_wconf 89' lang='lat' dir='ltr'><strong>aliquos</strong></span> <span class='ocrx_word' id='word_1_324' title='bbox 641 4405 740 4463; x_wconf 87' lang='lat' dir='ltr'><strong>actus</strong></span> <span class='ocrx_word' id='word_1_325' title='bbox 764 4389 891 4462; x_wconf 91' lang='lat' dir='ltr'><strong>liberos</strong></span> <span class='ocrx_word' id='word_1_326' title='bbox 907 4391 966 4484; x_wconf 90' lang='lat' dir='ltr'><strong>qui</strong></span> <span class='ocrx_word' id='word_1_327' title='bbox 984 4389 1157 4461; x_wconf 89' lang='lat' dir='ltr'><strong>interdum</strong></span> <span class='ocrx_word' id='word_1_328' title='bbox 1175 4389 1288 4460; x_wconf 91' lang='lat' dir='ltr'><strong>emitti</strong></span> <span class='ocrx_word' id='word_1_329' title='bbox 1302 4398 1450 4481; x_wconf 91' lang='lat' dir='ltr'><strong>possunt</strong></span> 
     </span>
     <span class='ocr_line' id='line_1_39' title="bbox 171 4491 1451 4582; baseline -0.001 -19"><span class='ocrx_word' id='word_1_330' title='bbox 171 4491 281 4563; x_wconf 85' lang='lat' dir='ltr'><strong>ctiam</strong></span> <span class='ocrx_word' id='word_1_331' title='bbox 305 4493 349 4564; x_wconf 91' lang='lat' dir='ltr'><strong>ab</strong></span> <span class='ocrx_word' id='word_1_332' title='bbox 376 4495 417 4568; x_wconf 80' lang='lat' dir='ltr'><strong>”s</strong></span> <span class='ocrx_word' id='word_1_333' title='bbox 439 4498 498 4582; x_wconf 80' lang='lat' dir='ltr'><strong>oui</strong></span> <span class='ocrx_word' id='word_1_334' title='bbox 524 4509 606 4568; x_wconf 92' lang='lat' dir='ltr'><strong>suut</strong></span> <span class='ocrx_word' id='word_1_335' title='bbox 630 4496 673 4569; x_wconf 87' lang='lat' dir='ltr'><strong>sd</strong></span> <span class='ocrx_word' id='word_1_336' title='bbox 698 4499 858 4568; x_wconf 84' lang='lat' dir='ltr'><strong>triremos</strong></span> <span class='ocrx_word' id='word_1_337' title='bbox 880 4496 1048 4578; x_wconf 85' lang='lat' dir='ltr'><strong>damnati,</strong></span> <span class='ocrx_word' id='word_1_338' title='bbox 1067 4495 1151 4582; x_wconf 81' lang='lat' dir='ltr'><strong>quin</strong></span> <span class='ocrx_word' id='word_1_339' title='bbox 1177 4494 1304 4567; x_wconf 89' lang='lat' dir='ltr'><strong>ideirco</strong></span> <span class='ocrx_word' id='word_1_340' title='bbox 1321 4494 1355 4564; x_wconf 92' lang='lat' dir='ltr'><strong>in</strong></span> <span class='ocrx_word' id='word_1_341' title='bbox 1373 4492 1451 4564; x_wconf 91' lang='lat' dir='ltr'><strong>loco</strong></span> 
     </span>
    </p>
   </div>
   <div class='ocr_carea' id='block_1_3' title="bbox 0 0 1628 5004">
    <p class='ocr_par' dir='ltr' id='par_1_6' title="bbox 0 0 1628 5004">
     <span class='ocr_line' id='line_1_40' title="bbox 0 0 1628 5004; baseline 0 3"><span class='ocrx_word' id='word_1_342' title='bbox 0 0 1628 5004; x_wconf 95' lang='lat' dir='ltr'><strong> </strong></span> 
     </span>
    </p>
   </div>
  </div>
 </body>
</html>
