<?xml version="1.0" encoding="UTF-8"?>
<!DOCTYPE html PUBLIC "-//W3C//DTD XHTML 1.0 Transitional//EN"
    "http://www.w3.org/TR/xhtml1/DTD/xhtml1-transitional.dtd">
<html xmlns="http://www.w3.org/1999/xhtml" xml:lang="en" lang="en">
 <head>
  <title>
</title>
<meta http-equiv="Content-Type" content="text/html;charset=utf-8" />
  <meta name='ocr-system' content='tesseract 3.04.00' />
  <meta name='ocr-capabilities' content='ocr_page ocr_carea ocr_par ocr_line ocrx_word'/>
</head>
<body>
  <div class='ocr_page' id='page_1' title='image "actasanctaesedi00ixgoog_0088.png"; bbox 0 0 3248 5004; ppageno 0'>
   <div class='ocr_carea' id='block_1_1' title="bbox 659 453 1438 536">
    <p class='ocr_par' dir='ltr' id='par_1_1' title="bbox 659 453 1438 536">
     <span class='ocr_line' id='line_1_1' title="bbox 659 453 1438 536; baseline -0.017 0"><span class='ocrx_word' id='word_1_1' title='bbox 659 486 808 536; x_wconf 83' lang='lat' dir='ltr'><strong>oraromr</strong></span> <span class='ocrx_word' id='word_1_2' title='bbox 835 483 968 532; x_wconf 71' lang='lat' dir='ltr'><strong>carran.</strong></span> <span class='ocrx_word' id='word_1_3' title='bbox 1394 453 1438 523; x_wconf 80' lang='lat'><strong>83</strong></span> 
     </span>
    </p>
   </div>
   <div class='ocr_carea' id='block_1_2' title="bbox 160 582 1444 1108">
    <p class='ocr_par' dir='ltr' id='par_1_2' title="bbox 160 582 1444 1108">
     <span class='ocr_line' id='line_1_2' title="bbox 160 582 1442 690; baseline -0.015 -21"><span class='ocrx_word' id='word_1_4' title='bbox 160 593 324 669; x_wconf 82' lang='lat' dir='ltr'><strong>clamavit</strong></span> <span class='ocrx_word' id='word_1_5' title='bbox 336 595 428 690; x_wconf 89' lang='lat' dir='ltr'><strong>apud</strong></span> <span class='ocrx_word' id='word_1_6' title='bbox 440 594 476 666; x_wconf 85' lang='lat' dir='ltr'><strong>S.</strong></span> <span class='ocrx_word' id='word_1_7' title='bbox 487 592 527 664; x_wconf 89' lang='lat' dir='ltr'><strong>C.</strong></span> <span class='ocrx_word' id='word_1_8' title='bbox 539 591 579 664; x_wconf 85' lang='lat' dir='ltr'><strong>C.</strong></span> <span class='ocrx_word' id='word_1_9' title='bbox 591 591 732 661; x_wconf 85' lang='lat' dir='ltr'><strong>innixus</strong></span> <span class='ocrx_word' id='word_1_10' title='bbox 749 587 863 660; x_wconf 89' lang='lat' dir='ltr'><strong>verbis</strong></span> <span class='ocrx_word' id='word_1_11' title='bbox 875 586 928 657; x_wconf 92' lang='lat' dir='ltr'><strong>sui</strong></span> <span class='ocrx_word' id='word_1_12' title='bbox 943 583 1067 655; x_wconf 91' lang='lat' dir='ltr'><strong>indulti</strong></span> <span class='ocrx_word' id='word_1_13' title='bbox 1084 582 1142 652; x_wconf 81' lang='lat' dir='ltr'><strong>clu</strong></span> <span class='ocrx_word' id='word_1_14' title='bbox 1158 594 1270 653; x_wconf 86' lang='lat' dir='ltr'><strong>restra</strong></span> <span class='ocrx_word' id='word_1_15' title='bbox 1288 604 1327 652; x_wconf 90' lang='lat' dir='ltr'><strong>ac</strong></span> <span class='ocrx_word' id='word_1_16' title='bbox 1344 591 1442 650; x_wconf 85' lang='lat' dir='ltr'><strong>nuto·</strong></span> 
     </span>
     <span class='ocr_line' id='line_1_3' title="bbox 165 685 1443 792; baseline -0.01 -24"><span class='ocrx_word' id='word_1_17' title='bbox 165 725 183 768; x_wconf 79' lang='lat' dir='ltr'><strong>a</strong></span> <span class='ocrx_word' id='word_1_18' title='bbox 202 722 280 769; x_wconf 92' lang='lat' dir='ltr'><strong>rum</strong></span> <span class='ocrx_word' id='word_1_19' title='bbox 292 698 686 792; x_wconf 79' lang='lat' dir='ltr'><strong>consanguineorum...</strong></span> <span class='ocrx_word' id='word_1_20' title='bbox 705 693 924 784; x_wconf 78' lang='lat' dir='ltr'><strong>familiaeque</strong></span> <span class='ocrx_word' id='word_1_21' title='bbox 945 687 1139 782; x_wconf 88' lang='lat' dir='ltr'><strong>praesentia</strong></span> <span class='ocrx_word' id='word_1_22' title='bbox 1152 685 1316 758; x_wconf 84' lang='lat' dir='ltr'><strong>celebrari</strong></span> <span class='ocrx_word' id='word_1_23' title='bbox 1329 685 1443 756; x_wconf 85' lang='lat' dir='ltr'><strong>lacere</strong></span> 
     </span>
     <span class='ocr_line' id='line_1_4' title="bbox 165 791 1443 894; baseline -0.009 -22"><span class='ocrx_word' id='word_1_24' title='bbox 165 804 309 876; x_wconf 78' lang='lat' dir='ltr'><strong>»libere</strong></span> <span class='ocrx_word' id='word_1_25' title='bbox 326 816 363 876; x_wconf 90' lang='lat' dir='ltr'><strong>et</strong></span> <span class='ocrx_word' id='word_1_26' title='bbox 378 803 475 874; x_wconf 92' lang='lat' dir='ltr'><strong>licite</strong></span> <span class='ocrx_word' id='word_1_27' title='bbox 498 800 641 894; x_wconf 89' lang='lat' dir='ltr'><strong>possitis</strong></span> <span class='ocrx_word' id='word_1_28' title='bbox 665 809 701 870; x_wconf 90' lang='lat' dir='ltr'><strong>et</strong></span> <span class='ocrx_word' id='word_1_29' title='bbox 726 797 886 878; x_wconf 89' lang='lat' dir='ltr'><strong>valeatis,</strong></span> <span class='ocrx_word' id='word_1_30' title='bbox 913 817 953 866; x_wconf 87' lang='lat' dir='ltr'><strong>ae</strong></span> <span class='ocrx_word' id='word_1_31' title='bbox 977 805 1132 864; x_wconf 87' lang='lat' dir='ltr'><strong>vestrum</strong></span> <span class='ocrx_word' id='word_1_32' title='bbox 1158 791 1305 884; x_wconf 86' lang='lat' dir='ltr'><strong>quilibet</strong></span> <span class='ocrx_word' id='word_1_33' title='bbox 1332 791 1443 884; x_wconf 82' lang='lat' dir='ltr'><strong>possit</strong></span> 
     </span>
     <span class='ocr_line' id='line_1_5' title="bbox 166 897 1444 994; baseline -0.009 -16"><span class='ocrx_word' id='word_1_34' title='bbox 166 937 183 978; x_wconf 78' lang='lat' dir='ltr'><strong>a</strong></span> <span class='ocrx_word' id='word_1_35' title='bbox 202 922 239 982; x_wconf 91' lang='lat' dir='ltr'><strong>et</strong></span> <span class='ocrx_word' id='word_1_36' title='bbox 252 909 363 981; x_wconf 82' lang='lat' dir='ltr'><strong>valeat</strong></span> <span class='ocrx_word' id='word_1_37' title='bbox 375 930 408 994; x_wconf 76' lang='lat'><strong>3»</strong></span> <span class='ocrx_word' id='word_1_38' title='bbox 421 917 457 981; x_wconf 89' lang='lat' dir='ltr'><strong>et</strong></span> <span class='ocrx_word' id='word_1_39' title='bbox 474 904 707 977; x_wconf 79' lang='lat' dir='ltr'>contendebat</span> <span class='ocrx_word' id='word_1_40' title='bbox 724 925 791 973; x_wconf 89' lang='lat' dir='ltr'><strong>non</strong></span> <span class='ocrx_word' id='word_1_41' title='bbox 805 901 931 993; x_wconf 78' lang='lat' dir='ltr'><strong>requiri</strong></span> <span class='ocrx_word' id='word_1_42' title='bbox 946 920 1044 970; x_wconf 86' lang='lat' dir='ltr'><strong>suam</strong></span> <span class='ocrx_word' id='word_1_43' title='bbox 1058 897 1306 992; x_wconf 78' lang='lat' dir='ltr'><strong>praesentiam,</strong></span> <span class='ocrx_word' id='word_1_44' title='bbox 1322 919 1444 990; x_wconf 89' lang='lat' dir='ltr'><strong>quam·</strong></span> 
     </span>
     <span class='ocr_line' id='line_1_6' title="bbox 163 1002 1444 1108; baseline -0.01 -24"><span class='ocrx_word' id='word_1_45' title='bbox 163 1017 218 1086; x_wconf 87' lang='lat' dir='ltr'><strong>vis</strong></span> <span class='ocrx_word' id='word_1_46' title='bbox 242 1015 278 1085; x_wconf 91' lang='lat' dir='ltr'><strong>in</strong></span> <span class='ocrx_word' id='word_1_47' title='bbox 302 1015 418 1108; x_wconf 89' lang='lat' dir='ltr'><strong>ipsum</strong></span> <span class='ocrx_word' id='word_1_48' title='bbox 443 1011 546 1084; x_wconf 86' lang='lat' dir='ltr'><strong>verba</strong></span> <span class='ocrx_word' id='word_1_49' title='bbox 573 1007 697 1080; x_wconf 91' lang='lat' dir='ltr'><strong>indulti</strong></span> <span class='ocrx_word' id='word_1_50' title='bbox 722 1005 962 1101; x_wconf 82' lang='lat' dir='ltr'><strong>principaliter</strong></span> <span class='ocrx_word' id='word_1_51' title='bbox 984 1004 1114 1076; x_wconf 87' lang='lat' dir='ltr'><strong>directa</strong></span> <span class='ocrx_word' id='word_1_52' title='bbox 1139 1015 1267 1076; x_wconf 88' lang='lat' dir='ltr'><strong>essent.</strong></span> <span class='ocrx_word' id='word_1_53' title='bbox 1295 1002 1340 1074; x_wconf 85' lang='lat' dir='ltr'><strong>Et</strong></span> <span class='ocrx_word' id='word_1_54' title='bbox 1364 1026 1444 1096; x_wconf 91' lang='lat' dir='ltr'><strong>pro-</strong></span> 
     </span>
    </p>
   </div>
   <div class='ocr_carea' id='block_1_3' title="bbox 164 1108 1455 3602">
    <p class='ocr_par' dir='ltr' id='par_1_3' title="bbox 164 1108 1455 3602">
     <span class='ocr_line' id='line_1_7' title="bbox 164 1108 1443 1213; baseline -0.013 -21"><span class='ocrx_word' id='word_1_55' title='bbox 164 1119 290 1213; x_wconf 88' lang='lat' dir='ltr'><strong>positis</strong></span> <span class='ocrx_word' id='word_1_56' title='bbox 312 1116 458 1189; x_wconf 85' lang='lat' dir='ltr'><strong>dubiisl</strong></span> <span class='ocrx_word' id='word_1_57' title='bbox 479 1137 551 1186; x_wconf 79' lang='lat' dir='ltr'><strong>«an</strong></span> <span class='ocrx_word' id='word_1_58' title='bbox 568 1114 604 1184; x_wconf 93' lang='lat' dir='ltr'><strong>in</strong></span> <span class='ocrx_word' id='word_1_59' title='bbox 622 1114 756 1206; x_wconf 86' lang='lat' dir='ltr'><strong>privato</strong></span> <span class='ocrx_word' id='word_1_60' title='bbox 780 1110 939 1183; x_wconf 85' lang='lat' dir='ltr'><strong>Oratorio</strong></span> <span class='ocrx_word' id='word_1_61' title='bbox 964 1110 1006 1181; x_wconf 87' lang='lat' dir='ltr'><strong>de</strong></span> <span class='ocrx_word' id='word_1_62' title='bbox 1030 1131 1100 1202; x_wconf 89' lang='lat' dir='ltr'><strong>quo</strong></span> <span class='ocrx_word' id='word_1_63' title='bbox 1124 1109 1250 1201; x_wconf 80' lang='lat' dir='ltr'><strong>agitur,</strong></span> <span class='ocrx_word' id='word_1_64' title='bbox 1277 1108 1443 1181; x_wconf 87' lang='lat' dir='ltr'><strong>celebrari</strong></span> 
     </span>
     <span class='ocr_line' id='line_1_8' title="bbox 164 1213 1442 1319; baseline -0.009 -24"><span class='ocrx_word' id='word_1_65' title='bbox 164 1225 276 1319; x_wconf 92' lang='lat' dir='ltr'><strong>possit</strong></span> <span class='ocrx_word' id='word_1_66' title='bbox 305 1222 429 1294; x_wconf 84' lang='lat' dir='ltr'><strong>Missae</strong></span> <span class='ocrx_word' id='word_1_67' title='bbox 459 1219 667 1291; x_wconf 83' lang='lat' dir='ltr'><strong>sacrificium</strong></span> <span class='ocrx_word' id='word_1_68' title='bbox 692 1219 726 1288; x_wconf 92' lang='lat' dir='ltr'><strong>in</strong></span> <span class='ocrx_word' id='word_1_69' title='bbox 751 1217 905 1288; x_wconf 90' lang='lat' dir='ltr'><strong>absentia</strong></span> <span class='ocrx_word' id='word_1_70' title='bbox 939 1213 1076 1284; x_wconf 89' lang='lat' dir='ltr'><strong>Domini</strong></span> <span class='ocrx_word' id='word_1_71' title='bbox 1101 1236 1140 1285; x_wconf 88' lang='lat' dir='ltr'><strong>ac</strong></span> <span class='ocrx_word' id='word_1_72' title='bbox 1165 1227 1346 1307; x_wconf 87' lang='lat' dir='ltr'><strong>praesente</strong></span> <span class='ocrx_word' id='word_1_73' title='bbox 1371 1213 1442 1284; x_wconf 93' lang='lat' dir='ltr'><strong>sola</strong></span> 
     </span>
     <span class='ocr_line' id='line_1_9' title="bbox 165 1317 1442 1422; baseline -0.009 -23"><span class='ocrx_word' id='word_1_74' title='bbox 165 1327 330 1398; x_wconf 68' lang='lat' dir='ltr'><strong>familia.»</strong></span> <span class='ocrx_word' id='word_1_75' title='bbox 349 1326 391 1395; x_wconf 94' lang='lat' dir='ltr'><strong>ll.</strong></span> <span class='ocrx_word' id='word_1_76' title='bbox 415 1323 496 1394; x_wconf 75' lang='lat' dir='ltr'><strong>«An</strong></span> <span class='ocrx_word' id='word_1_77' title='bbox 513 1323 728 1422; x_wconf 86' lang='lat' dir='ltr'><strong>sustineatur</strong></span> <span class='ocrx_word' id='word_1_78' title='bbox 752 1320 924 1393; x_wconf 91' lang='lat' dir='ltr'><strong>sententia</strong></span> <span class='ocrx_word' id='word_1_79' title='bbox 949 1319 1186 1411; x_wconf 89' lang='lat' dir='ltr'><strong>suspensionis</strong></span> <span class='ocrx_word' id='word_1_80' title='bbox 1206 1317 1355 1390; x_wconf 86' lang='lat' dir='ltr'><strong>Oratorii</strong></span> <span class='ocrx_word' id='word_1_81' title='bbox 1374 1317 1442 1388; x_wconf 89' lang='lat' dir='ltr'><strong>lata</strong></span> 
     </span>
     <span class='ocr_line' id='line_1_10' title="bbox 164 1423 1441 1525; baseline -0.011 -20"><span class='ocrx_word' id='word_1_82' title='bbox 164 1435 208 1505; x_wconf 90' lang='lat' dir='ltr'><strong>ab</strong></span> <span class='ocrx_word' id='word_1_83' title='bbox 229 1433 401 1525; x_wconf 86' lang='lat' dir='ltr'><strong>Episcopo</strong></span> <span class='ocrx_word' id='word_1_84' title='bbox 425 1430 460 1499; x_wconf 93' lang='lat' dir='ltr'><strong>in</strong></span> <span class='ocrx_word' id='word_1_85' title='bbox 478 1453 595 1501; x_wconf 77' lang='lat' dir='ltr'><strong>casu.»</strong></span> <span class='ocrx_word' id='word_1_86' title='bbox 615 1429 833 1522; x_wconf 85' lang='lat' dir='ltr'><strong>Responsum</strong></span> <span class='ocrx_word' id='word_1_87' title='bbox 858 1425 1005 1520; x_wconf 86' lang='lat' dir='ltr'><strong>prodiit:</strong></span> <span class='ocrx_word' id='word_1_88' title='bbox 1024 1425 1066 1496; x_wconf 92' lang='lat' dir='ltr'><strong>ad</strong></span> <span class='ocrx_word' id='word_1_89' title='bbox 1085 1425 1096 1494; x_wconf 96' lang='lat' dir='ltr'><strong>l</strong></span> <span class='ocrx_word' id='word_1_90' title='bbox 1104 1479 1110 1492; x_wconf 93' lang='lat'>.</span> <span class='ocrx_word' id='word_1_91' title='bbox 1130 1425 1295 1518; x_wconf 81' lang='lat' dir='ltr'><strong>nepotive.</strong></span> <span class='ocrx_word' id='word_1_92' title='bbox 1323 1425 1374 1495; x_wconf 84' lang='lat' dir='ltr'><strong>Ad</strong></span> <span class='ocrx_word' id='word_1_93' title='bbox 1402 1423 1441 1492; x_wconf 93' lang='grc' dir='ltr'><strong>ΙΙ.</strong></span> 
     </span>
     <span class='ocr_line' id='line_1_11' title="bbox 164 1529 1442 1634; baseline -0.008 -26"><span class='ocrx_word' id='word_1_94' title='bbox 164 1539 368 1634; x_wconf 81' lang='lat' dir='ltr'><strong>affirmative</strong></span> <span class='ocrx_word' id='word_1_95' title='bbox 392 1548 423 1607; x_wconf 89' lang='lat' dir='ltr'><strong>et</strong></span> <span class='ocrx_word' id='word_1_96' title='bbox 447 1535 493 1606; x_wconf 89' lang='lat' dir='ltr'><strong>od</strong></span> <span class='ocrx_word' id='word_1_97' title='bbox 516 1549 661 1606; x_wconf 84' lang='lat' dir='ltr'><strong>mentem</strong></span> <span class='ocrx_word' id='word_1_98' title='bbox 687 1533 748 1629; x_wconf 87' lang='lat' dir='ltr'><strong>(l).</strong></span> <span class='ocrx_word' id='word_1_99' title='bbox 781 1532 1043 1606; x_wconf 85' lang='lat' dir='ltr'><strong>Resolutionem</strong></span> <span class='ocrx_word' id='word_1_100' title='bbox 1073 1545 1190 1603; x_wconf 86' lang='lat' dir='ltr'><strong>autem</strong></span> <span class='ocrx_word' id='word_1_101' title='bbox 1220 1531 1321 1624; x_wconf 91' lang='lat' dir='ltr'><strong>primi</strong></span> <span class='ocrx_word' id='word_1_102' title='bbox 1347 1529 1442 1601; x_wconf 93' lang='lat' dir='ltr'><strong>dubii</strong></span> 
     </span>
     <span class='ocr_line' id='line_1_12' title="bbox 166 1636 1444 1732; baseline -0.006 -17"><span class='ocrx_word' id='word_1_103' title='bbox 166 1645 210 1715; x_wconf 78' lang='lat' dir='ltr'><strong>ll.</strong></span> <span class='ocrx_word' id='word_1_104' title='bbox 228 1645 268 1714; x_wconf 91' lang='lat' dir='ltr'><strong>P.</strong></span> <span class='ocrx_word' id='word_1_105' title='bbox 288 1642 497 1715; x_wconf 83' lang='lat' dir='ltr'><strong>Benedictus</strong></span> <span class='ocrx_word' id='word_1_106' title='bbox 520 1641 609 1712; x_wconf 85' lang='lat' dir='ltr'><strong>XIV.</strong></span> <span class='ocrx_word' id='word_1_107' title='bbox 634 1663 678 1713; x_wconf 90' lang='lat' dir='ltr'><strong>ne</strong></span> <span class='ocrx_word' id='word_1_108' title='bbox 702 1641 785 1712; x_wconf 92' lang='lat' dir='ltr'><strong>dum</strong></span> <span class='ocrx_word' id='word_1_109' title='bbox 810 1638 1034 1732; x_wconf 85' lang='lat' dir='ltr'><strong>approbarit,</strong></span> <span class='ocrx_word' id='word_1_110' title='bbox 1061 1639 1120 1710; x_wconf 90' lang='lat' dir='ltr'><strong>sed</strong></span> <span class='ocrx_word' id='word_1_111' title='bbox 1146 1639 1251 1709; x_wconf 91' lang='lat' dir='ltr'><strong>etiam</strong></span> <span class='ocrx_word' id='word_1_112' title='bbox 1284 1636 1444 1728; x_wconf 73' lang='lat' dir='ltr'><strong>evulgare</strong></span> 
     </span>
     <span class='ocr_line' id='line_1_13' title="bbox 166 1744 1442 1840; baseline -0.005 -22"><span class='ocrx_word' id='word_1_113' title='bbox 166 1748 251 1820; x_wconf 79' lang='lat' dir='ltr'><strong>lecit</strong></span> <span class='ocrx_word' id='word_1_114' title='bbox 272 1769 336 1840; x_wconf 93' lang='lat' dir='ltr'><strong>per</strong></span> <span class='ocrx_word' id='word_1_115' title='bbox 352 1745 478 1817; x_wconf 77' lang='lat' dir='ltr'><strong>Efflum</strong></span> <span class='ocrx_word' id='word_1_116' title='bbox 495 1746 531 1818; x_wconf 87' lang='lat' dir='ltr'><strong>S.</strong></span> <span class='ocrx_word' id='word_1_117' title='bbox 552 1746 592 1817; x_wconf 88' lang='lat' dir='ltr'><strong>C.</strong></span> <span class='ocrx_word' id='word_1_118' title='bbox 612 1746 830 1817; x_wconf 76' lang='lat' dir='ltr'><strong>Praefectum</strong></span> <span class='ocrx_word' id='word_1_119' title='bbox 849 1757 887 1815; x_wconf 92' lang='lat' dir='ltr'><strong>ut</strong></span> <span class='ocrx_word' id='word_1_120' title='bbox 904 1744 1064 1814; x_wconf 91' lang='lat' dir='ltr'><strong>omnibus</strong></span> <span class='ocrx_word' id='word_1_121' title='bbox 1089 1757 1211 1816; x_wconf 92' lang='lat' dir='ltr'><strong>notum</strong></span> <span class='ocrx_word' id='word_1_122' title='bbox 1236 1759 1327 1818; x_wconf 90' lang='lat' dir='ltr'><strong>esset</strong></span> <span class='ocrx_word' id='word_1_123' title='bbox 1346 1773 1360 1811; x_wconf 83' lang='lat' dir='ltr'><strong>u</strong></span> <span class='ocrx_word' id='word_1_124' title='bbox 1375 1767 1442 1815; x_wconf 93' lang='lat' dir='ltr'><strong>non</strong></span> 
     </span>
     <span class='ocr_line' id='line_1_14' title="bbox 170 1849 1442 1946; baseline -0.001 -24"><span class='ocrx_word' id='word_1_125' title='bbox 170 1879 188 1922; x_wconf 79' lang='lat' dir='ltr'><strong>a</strong></span> <span class='ocrx_word' id='word_1_126' title='bbox 207 1877 309 1946; x_wconf 89' lang='lat' dir='ltr'><strong>posse</strong></span> <span class='ocrx_word' id='word_1_127' title='bbox 329 1853 342 1942; x_wconf 76' lang='lat' dir='ltr'><strong>l</strong></span> <span class='ocrx_word' id='word_1_128' title='bbox 350 1863 431 1922; x_wconf 88' lang='lat' dir='ltr'><strong>sunt</strong></span> <span class='ocrx_word' id='word_1_129' title='bbox 447 1852 552 1923; x_wconf 83' lang='lat' dir='ltr'><strong>rerba</strong></span> <span class='ocrx_word' id='word_1_130' title='bbox 568 1850 830 1944; x_wconf 87' lang='lat' dir='ltr'><strong>declarationis)</strong></span> <span class='ocrx_word' id='word_1_131' title='bbox 857 1852 973 1944; x_wconf 81' lang='lat' dir='ltr'><strong>vigore</strong></span> <span class='ocrx_word' id='word_1_132' title='bbox 989 1849 1111 1921; x_wconf 91' lang='lat' dir='ltr'><strong>similis</strong></span> <span class='ocrx_word' id='word_1_133' title='bbox 1127 1851 1253 1922; x_wconf 90' lang='lat' dir='ltr'><strong>indulti</strong></span> <span class='ocrx_word' id='word_1_134' title='bbox 1277 1851 1442 1923; x_wconf 86' lang='lat' dir='ltr'><strong>celebrari</strong></span> 
     </span>
     <span class='ocr_line' id='line_1_15' title="bbox 171 1955 1443 2051; baseline -0.001 -24"><span class='ocrx_word' id='word_1_135' title='bbox 171 1985 188 2027; x_wconf 82' lang='lat' dir='ltr'><strong>a</strong></span> <span class='ocrx_word' id='word_1_136' title='bbox 209 1959 347 2029; x_wconf 92' lang='lat' dir='ltr'><strong>Missam</strong></span> <span class='ocrx_word' id='word_1_137' title='bbox 372 1958 408 2027; x_wconf 92' lang='lat' dir='ltr'><strong>in</strong></span> <span class='ocrx_word' id='word_1_138' title='bbox 431 1957 578 2051; x_wconf 84' lang='lat' dir='ltr'><strong>privatis</strong></span> <span class='ocrx_word' id='word_1_139' title='bbox 601 1955 788 2038; x_wconf 86' lang='lat' dir='ltr'><strong>Oratoriis,</strong></span> <span class='ocrx_word' id='word_1_140' title='bbox 814 1955 951 2049; x_wconf 86' lang='lat' dir='ltr'><strong>quando</strong></span> <span class='ocrx_word' id='word_1_141' title='bbox 977 1955 1087 2027; x_wconf 92' lang='lat' dir='ltr'><strong>eidem</strong></span> <span class='ocrx_word' id='word_1_142' title='bbox 1113 1955 1237 2028; x_wconf 89' lang='lat' dir='ltr'><strong>Missae</strong></span> <span class='ocrx_word' id='word_1_143' title='bbox 1261 1970 1341 2028; x_wconf 87' lang='lat' dir='ltr'><strong>actu</strong></span> <span class='ocrx_word' id='word_1_144' title='bbox 1374 1979 1443 2028; x_wconf 89' lang='lat' dir='ltr'><strong>non</strong></span> 
     </span>
     <span class='ocr_line' id='line_1_16' title="bbox 170 2063 1442 2157; baseline 0 -25"><span class='ocrx_word' id='word_1_145' title='bbox 170 2064 347 2135; x_wconf 74' lang='lat' dir='ltr'><strong>»intersit</strong></span> <span class='ocrx_word' id='word_1_146' title='bbox 371 2063 494 2157; x_wconf 88' lang='lat' dir='ltr'><strong>aliquis</strong></span> <span class='ocrx_word' id='word_1_147' title='bbox 511 2087 555 2136; x_wconf 86' lang='lat' dir='ltr'><strong>ex</strong></span> <span class='ocrx_word' id='word_1_148' title='bbox 572 2063 615 2135; x_wconf 89' lang='lat' dir='ltr'><strong>iis</strong></span> <span class='ocrx_word' id='word_1_149' title='bbox 630 2063 756 2156; x_wconf 90' lang='lat' dir='ltr'><strong>quibus</strong></span> <span class='ocrx_word' id='word_1_150' title='bbox 781 2064 1018 2157; x_wconf 88' lang='lat' dir='ltr'><strong>principaliter</strong></span> <span class='ocrx_word' id='word_1_151' title='bbox 1042 2063 1216 2135; x_wconf 91' lang='lat' dir='ltr'><strong>indultum</strong></span> <span class='ocrx_word' id='word_1_152' title='bbox 1241 2085 1442 2134; x_wconf 89' lang='lat' dir='ltr'><strong>concessum</strong></span> 
     </span>
     <span class='ocr_line' id='line_1_17' title="bbox 171 2169 1443 2261; baseline 0.001 -25"><span class='ocrx_word' id='word_1_153' title='bbox 171 2180 284 2253; x_wconf 80' lang='lat' dir='ltr'><strong>aest;</strong></span> <span class='ocrx_word' id='word_1_154' title='bbox 309 2169 393 2241; x_wconf 88' lang='lat' dir='ltr'><strong>adeo</strong></span> <span class='ocrx_word' id='word_1_155' title='bbox 420 2180 460 2240; x_wconf 91' lang='lat' dir='ltr'><strong>ut</strong></span> <span class='ocrx_word' id='word_1_156' title='bbox 485 2171 559 2241; x_wconf 91' lang='lat' dir='ltr'><strong>sine</strong></span> <span class='ocrx_word' id='word_1_157' title='bbox 592 2169 787 2260; x_wconf 87' lang='lat' dir='ltr'><strong>praesentia</strong></span> <span class='ocrx_word' id='word_1_158' title='bbox 817 2169 963 2241; x_wconf 92' lang='lat' dir='ltr'><strong>alicuius</strong></span> <span class='ocrx_word' id='word_1_159' title='bbox 987 2191 1030 2241; x_wconf 87' lang='lat' dir='ltr'><strong>ex</strong></span> <span class='ocrx_word' id='word_1_160' title='bbox 1055 2169 1159 2240; x_wconf 90' lang='lat' dir='ltr'><strong>dictis</strong></span> <span class='ocrx_word' id='word_1_161' title='bbox 1192 2169 1348 2261; x_wconf 87' lang='lat' dir='ltr'><strong>personis</strong></span> <span class='ocrx_word' id='word_1_162' title='bbox 1380 2169 1443 2238; x_wconf 92' lang='lat' dir='ltr'><strong>mi·</strong></span> 
     </span>
     <span class='ocr_line' id='line_1_18' title="bbox 171 2274 1444 2370; baseline -0.001 -26"><span class='ocrx_word' id='word_1_163' title='bbox 171 2275 302 2346; x_wconf 80' lang='lat' dir='ltr'><strong>anime</strong></span> <span class='ocrx_word' id='word_1_164' title='bbox 325 2274 427 2347; x_wconf 90' lang='lat' dir='ltr'><strong>liceat</strong></span> <span class='ocrx_word' id='word_1_165' title='bbox 450 2275 573 2349; x_wconf 85' lang='lat' dir='ltr'><strong>Missae</strong></span> <span class='ocrx_word' id='word_1_166' title='bbox 598 2275 804 2348; x_wconf 83' lang='lat' dir='ltr'><strong>sucrificium</strong></span> <span class='ocrx_word' id='word_1_167' title='bbox 829 2277 965 2370; x_wconf 80' lang='lat' dir='ltr'><strong>peragi,</strong></span> <span class='ocrx_word' id='word_1_168' title='bbox 988 2275 1123 2348; x_wconf 85' lang='lat' dir='ltr'><strong>etiamsi</strong></span> <span class='ocrx_word' id='word_1_169' title='bbox 1141 2277 1186 2344; x_wconf 89' lang='lat' dir='ltr'><strong>sit</strong></span> <span class='ocrx_word' id='word_1_170' title='bbox 1203 2297 1367 2368; x_wconf 88' lang='lat' dir='ltr'><strong>praesens</strong></span> <span class='ocrx_word' id='word_1_171' title='bbox 1383 2274 1444 2345; x_wconf 89' lang='lat' dir='ltr'><strong>ali-</strong></span> 
     </span>
     <span class='ocr_line' id='line_1_19' title="bbox 173 2380 1444 2474; baseline 0.001 -26"><span class='ocrx_word' id='word_1_172' title='bbox 173 2406 190 2448; x_wconf 80' lang='lat' dir='ltr'><strong>a</strong></span> <span class='ocrx_word' id='word_1_173' title='bbox 209 2381 287 2470; x_wconf 85' lang='lat' dir='ltr'><strong>quis</strong></span> <span class='ocrx_word' id='word_1_174' title='bbox 310 2402 353 2452; x_wconf 87' lang='lat' dir='ltr'><strong>ex</strong></span> <span class='ocrx_word' id='word_1_175' title='bbox 378 2380 477 2468; x_wconf 87' lang='lat' dir='ltr'><strong>liliis,</strong></span> <span class='ocrx_word' id='word_1_176' title='bbox 495 2381 569 2452; x_wconf 87' lang='lat' dir='ltr'><strong>sire</strong></span> <span class='ocrx_word' id='word_1_177' title='bbox 593 2404 637 2453; x_wconf 85' lang='lat' dir='ltr'><strong>ex</strong></span> <span class='ocrx_word' id='word_1_178' title='bbox 662 2382 945 2474; x_wconf 79' lang='lat' dir='ltr'><strong>consanguineis,</strong></span> <span class='ocrx_word' id='word_1_179' title='bbox 964 2382 1036 2452; x_wconf 84' lang='lat' dir='ltr'><strong>sive</strong></span> <span class='ocrx_word' id='word_1_180' title='bbox 1054 2405 1096 2451; x_wconf 86' lang='lat' dir='ltr'><strong>ex</strong></span> <span class='ocrx_word' id='word_1_181' title='bbox 1113 2380 1291 2463; x_wconf 89' lang='lat' dir='ltr'><strong>allinibus,</strong></span> <span class='ocrx_word' id='word_1_182' title='bbox 1310 2380 1382 2452; x_wconf 83' lang='lat' dir='ltr'><strong>sive</strong></span> <span class='ocrx_word' id='word_1_183' title='bbox 1401 2403 1444 2451; x_wconf 86' lang='lat' dir='ltr'><strong>ex</strong></span> 
     </span>
     <span class='ocr_line' id='line_1_20' title="bbox 173 2483 1444 2580; baseline 0 -26"><span class='ocrx_word' id='word_1_184' title='bbox 173 2483 455 2568; x_wconf 77' lang='lat' dir='ltr'><strong>»lumilia1·ibus,</strong></span> <span class='ocrx_word' id='word_1_185' title='bbox 482 2485 555 2557; x_wconf 83' lang='lat' dir='ltr'><strong>sire</strong></span> <span class='ocrx_word' id='word_1_186' title='bbox 584 2484 724 2556; x_wconf 93' lang='lat' dir='ltr'><strong>demum</strong></span> <span class='ocrx_word' id='word_1_187' title='bbox 750 2510 792 2558; x_wconf 87' lang='lat' dir='ltr'><strong>ex</strong></span> <span class='ocrx_word' id='word_1_188' title='bbox 817 2488 1011 2580; x_wconf 89' lang='lat' dir='ltr'><strong>hospitibus</strong></span> <span class='ocrx_word' id='word_1_189' title='bbox 1043 2486 1216 2559; x_wconf 91' lang='lat' dir='ltr'><strong>nobilibus</strong></span> <span class='ocrx_word' id='word_1_190' title='bbox 1252 2486 1287 2555; x_wconf 92' lang='lat' dir='ltr'><strong>iu</strong></span> <span class='ocrx_word' id='word_1_191' title='bbox 1324 2484 1444 2558; x_wconf 87' lang='lat' dir='ltr'><strong>eodem</strong></span> 
     </span>
     <span class='ocr_line' id='line_1_21' title="bbox 174 2587 1446 2684; baseline 0.003 -28"><span class='ocrx_word' id='word_1_192' title='bbox 174 2587 311 2661; x_wconf 77' lang='lat' dir='ltr'><strong>»Brevi</strong></span> <span class='ocrx_word' id='word_1_193' title='bbox 335 2589 558 2673; x_wconf 81' lang='lat' dir='ltr'><strong>memoratis3</strong></span> <span class='ocrx_word' id='word_1_194' title='bbox 582 2591 710 2682; x_wconf 89' lang='lat' dir='ltr'><strong>quippe</strong></span> <span class='ocrx_word' id='word_1_195' title='bbox 727 2589 853 2682; x_wconf 88' lang='lat' dir='ltr'><strong>quibus</strong></span> <span class='ocrx_word' id='word_1_196' title='bbox 878 2590 926 2659; x_wconf 89' lang='lat' dir='ltr'><strong>nil</strong></span> <span class='ocrx_word' id='word_1_197' title='bbox 950 2590 1043 2661; x_wconf 86' lang='lat' dir='ltr'><strong>aliud</strong></span> <span class='ocrx_word' id='word_1_198' title='bbox 1069 2614 1129 2684; x_wconf 91' lang='lat' dir='ltr'><strong>per</strong></span> <span class='ocrx_word' id='word_1_199' title='bbox 1153 2591 1350 2662; x_wconf 92' lang='lat' dir='ltr'><strong>huiusmodi</strong></span> <span class='ocrx_word' id='word_1_200' title='bbox 1364 2589 1446 2660; x_wconf 84' lang='lat' dir='ltr'><strong>Rre-</strong></span> 
     </span>
     <span class='ocr_line' id='line_1_22' title="bbox 176 2694 1446 2788; baseline 0.003 -26"><span class='ocrx_word' id='word_1_201' title='bbox 176 2695 267 2765; x_wconf 83' lang='lat' dir='ltr'><strong>avia</strong></span> <span class='ocrx_word' id='word_1_202' title='bbox 292 2694 514 2775; x_wconf 90' lang='lat' dir='ltr'><strong>conceditur,</strong></span> <span class='ocrx_word' id='word_1_203' title='bbox 541 2715 646 2787; x_wconf 86' lang='lat' dir='ltr'><strong>quam</strong></span> <span class='ocrx_word' id='word_1_204' title='bbox 662 2695 753 2786; x_wconf 90' lang='lat' dir='ltr'><strong>quod</strong></span> <span class='ocrx_word' id='word_1_205' title='bbox 773 2697 1009 2788; x_wconf 92' lang='lat' dir='ltr'><strong>unusquisque</strong></span> <span class='ocrx_word' id='word_1_206' title='bbox 1034 2719 1153 2768; x_wconf 93' lang='lat' dir='ltr'><strong>eorum</strong></span> <span class='ocrx_word' id='word_1_207' title='bbox 1166 2748 1264 2767; x_wconf 89' lang='grc'><em>.....</em></span> <span class='ocrx_word' id='word_1_208' title='bbox 1281 2697 1446 2768; x_wconf 89' lang='lat' dir='ltr'><strong>assistens</strong></span> 
     </span>
     <span class='ocr_line' id='line_1_23' title="bbox 175 2798 1448 2896; baseline 0.002 -28"><span class='ocrx_word' id='word_1_209' title='bbox 175 2800 353 2883; x_wconf 65' lang='lat' dir='ltr'><strong>»Missam</strong></span> <span class='ocrx_word' id='word_1_210' title='bbox 379 2821 468 2892; x_wconf 90' lang='lat' dir='ltr'><strong>quae</strong></span> <span class='ocrx_word' id='word_1_211' title='bbox 492 2798 688 2871; x_wconf 90' lang='lat' dir='ltr'><strong>celebratur</strong></span> <span class='ocrx_word' id='word_1_212' title='bbox 711 2800 747 2870; x_wconf 93' lang='lat' dir='ltr'><strong>in</strong></span> <span class='ocrx_word' id='word_1_213' title='bbox 763 2799 923 2873; x_wconf 84' lang='lat' dir='ltr'><strong>Oratorio</strong></span> <span class='ocrx_word' id='word_1_214' title='bbox 946 2802 1082 2896; x_wconf 87' lang='lat' dir='ltr'><strong>privato</strong></span> <span class='ocrx_word' id='word_1_215' title='bbox 1106 2803 1141 2872; x_wconf 91' lang='lat' dir='ltr'><strong>in</strong></span> <span class='ocrx_word' id='word_1_216' title='bbox 1166 2803 1361 2896; x_wconf 89' lang='lat' dir='ltr'><strong>praesentia</strong></span> <span class='ocrx_word' id='word_1_217' title='bbox 1386 2802 1448 2873; x_wconf 92' lang='lat' dir='ltr'><strong>ali-</strong></span> 
     </span>
     <span class='ocr_line' id='line_1_24' title="bbox 177 2903 1446 2999; baseline 0.002 -26"><span class='ocrx_word' id='word_1_218' title='bbox 177 2905 311 2976; x_wconf 73' lang='lat' dir='ltr'><strong>»euius</strong></span> <span class='ocrx_word' id='word_1_219' title='bbox 335 2927 380 2977; x_wconf 88' lang='lat' dir='ltr'><strong>ex</strong></span> <span class='ocrx_word' id='word_1_220' title='bbox 404 2903 562 2996; x_wconf 89' lang='lat' dir='ltr'><strong>personis</strong></span> <span class='ocrx_word' id='word_1_221' title='bbox 586 2927 605 2974; x_wconf 87' lang='lat' dir='ltr'><strong>a</strong></span> <span class='ocrx_word' id='word_1_222' title='bbox 629 2916 727 2998; x_wconf 79' lang='lat' dir='ltr'><strong>tergo</strong></span> <span class='ocrx_word' id='word_1_223' title='bbox 751 2903 871 2976; x_wconf 87' lang='lat' dir='ltr'><strong>Brevis</strong></span> <span class='ocrx_word' id='word_1_224' title='bbox 895 2906 1035 2999; x_wconf 90' lang='lat' dir='ltr'><strong>proprio</strong></span> <span class='ocrx_word' id='word_1_225' title='bbox 1060 2909 1199 2980; x_wconf 90' lang='lat' dir='ltr'><strong>nomine</strong></span> <span class='ocrx_word' id='word_1_226' title='bbox 1225 2907 1446 2998; x_wconf 91' lang='lat' dir='ltr'><strong>nuncupatis,</strong></span> 
     </span>
     <span class='ocr_line' id='line_1_25' title="bbox 177 3007 1450 3105; baseline 0.004 -28"><span class='ocrx_word' id='word_1_227' title='bbox 177 3009 405 3082; x_wconf 68' lang='lat' dir='ltr'><strong>»satisfaciat</strong></span> <span class='ocrx_word' id='word_1_228' title='bbox 428 3007 629 3102; x_wconf 81' lang='lat' dir='ltr'><strong>obligationi</strong></span> <span class='ocrx_word' id='word_1_229' title='bbox 654 3009 814 3081; x_wconf 89' lang='lat' dir='ltr'><strong>audiendi</strong></span> <span class='ocrx_word' id='word_1_230' title='bbox 847 3011 984 3083; x_wconf 89' lang='lat' dir='ltr'><strong>Missam</strong></span> <span class='ocrx_word' id='word_1_231' title='bbox 1015 3012 1136 3084; x_wconf 87' lang='lat' dir='ltr'><strong>diebus</strong></span> <span class='ocrx_word' id='word_1_232' title='bbox 1160 3014 1258 3084; x_wconf 85' lang='lat' dir='ltr'><strong>lestis</strong></span> <span class='ocrx_word' id='word_1_233' title='bbox 1283 3013 1324 3086; x_wconf 91' lang='lat' dir='ltr'><strong>de</strong></span> <span class='ocrx_word' id='word_1_234' title='bbox 1349 3034 1450 3105; x_wconf 90' lang='lat' dir='ltr'><strong>prae-</strong></span> 
     </span>
     <span class='ocr_line' id='line_1_26' title="bbox 178 3113 1450 3211; baseline 0.001 -27"><span class='ocrx_word' id='word_1_235' title='bbox 178 3130 330 3209; x_wconf 82' lang='lat' dir='ltr'><strong>acepta.</strong></span> <span class='ocrx_word' id='word_1_236' title='bbox 355 3113 497 3185; x_wconf 91' lang='lat' dir='ltr'><strong>Sublata</strong></span> <span class='ocrx_word' id='word_1_237' title='bbox 528 3115 635 3208; x_wconf 78' lang='lat' dir='ltr'><strong>igitur</strong></span> <span class='ocrx_word' id='word_1_238' title='bbox 684 3128 721 3187; x_wconf 92' lang='lat' dir='ltr'><strong>et</strong></span> <span class='ocrx_word' id='word_1_239' title='bbox 752 3117 946 3208; x_wconf 88' lang='lat' dir='ltr'><strong>proscripta</strong></span> <span class='ocrx_word' id='word_1_240' title='bbox 977 3139 1196 3211; x_wconf 89' lang='lat' dir='ltr'><strong>quacumque</strong></span> <span class='ocrx_word' id='word_1_241' title='bbox 1226 3118 1342 3188; x_wconf 91' lang='lat' dir='ltr'><strong>minus</strong></span> <span class='ocrx_word' id='word_1_242' title='bbox 1374 3140 1450 3209; x_wconf 78' lang='lat' dir='ltr'><strong>ger·</strong></span> 
     </span>
     <span class='ocr_line' id='line_1_27' title="bbox 177 3218 1451 3312; baseline 0.003 -25"><span class='ocrx_word' id='word_1_243' title='bbox 177 3241 315 3292; x_wconf 82' lang='lat' dir='ltr'><strong>amana</strong></span> <span class='ocrx_word' id='word_1_244' title='bbox 333 3218 617 3312; x_wconf 89' lang='lat' dir='ltr'><strong>interpretatione</strong></span> <span class='ocrx_word' id='word_1_245' title='bbox 642 3219 809 3292; x_wconf 87' lang='lat' dir='ltr'><strong>eiusmodi</strong></span> <span class='ocrx_word' id='word_1_246' title='bbox 835 3218 997 3292; x_wconf 78' lang='lat' dir='ltr'><strong>Brevium</strong></span> <span class='ocrx_word' id='word_1_247' title='bbox 1023 3233 1059 3291; x_wconf 90' lang='lat' dir='ltr'><strong>et</strong></span> <span class='ocrx_word' id='word_1_248' title='bbox 1083 3221 1297 3294; x_wconf 87' lang='lat' dir='ltr'><strong>ludultorum</strong></span> <span class='ocrx_word' id='word_1_249' title='bbox 1315 3223 1349 3291; x_wconf 91' lang='lat' dir='ltr'><strong>in</strong></span> <span class='ocrx_word' id='word_1_250' title='bbox 1370 3245 1451 3292; x_wconf 88' lang='lat' dir='ltr'><strong>con·</strong></span> 
     </span>
     <span class='ocr_line' id='line_1_28' title="bbox 181 3321 1452 3412; baseline 0.006 -22"><span class='ocrx_word' id='word_1_251' title='bbox 181 3323 361 3394; x_wconf 83' lang='lat' dir='ltr'><strong>atrarium</strong></span> <span class='ocrx_word' id='word_1_252' title='bbox 394 3321 562 3395; x_wconf 85' lang='lat' dir='ltr'><strong>hactenus</strong></span> <span class='ocrx_word' id='word_1_253' title='bbox 594 3323 709 3406; x_wconf 83' lang='lat' dir='ltr'><strong>sacta,</strong></span> <span class='ocrx_word' id='word_1_254' title='bbox 738 3325 785 3412; x_wconf 77' lang='lat'><strong>(2)</strong></span> <span class='ocrx_word' id='word_1_255' title='bbox 813 3322 985 3395; x_wconf 87' lang='lat' dir='ltr'><strong>Sanctitas</strong></span> <span class='ocrx_word' id='word_1_256' title='bbox 1017 3325 1085 3396; x_wconf 86' lang='lat' dir='ltr'><strong>Sua</strong></span> <span class='ocrx_word' id='word_1_257' title='bbox 1118 3325 1166 3395; x_wconf 91' lang='lat' dir='ltr'><strong>ita</strong></span> <span class='ocrx_word' id='word_1_258' title='bbox 1196 3325 1385 3398; x_wconf 86' lang='lat' dir='ltr'><strong>declaravit</strong></span> <span class='ocrx_word' id='word_1_259' title='bbox 1415 3339 1452 3398; x_wconf 91' lang='lat' dir='ltr'><strong>et</strong></span> 
     </span>
     <span class='ocr_line' id='line_1_29' title="bbox 181 3427 1455 3515; baseline 0.009 -23"><span class='ocrx_word' id='word_1_260' title='bbox 181 3453 198 3492; x_wconf 81' lang='lat' dir='ltr'><strong>a</strong></span> <span class='ocrx_word' id='word_1_261' title='bbox 217 3427 346 3498; x_wconf 84' lang='lat' dir='ltr'><strong>servari</strong></span> <span class='ocrx_word' id='word_1_262' title='bbox 372 3428 582 3499; x_wconf 75' lang='lat' dir='ltr'><strong>mandavit.»</strong></span> <span class='ocrx_word' id='word_1_263' title='bbox 601 3428 712 3515; x_wconf 87' lang='lat' dir='ltr'><strong>Quam</strong></span> <span class='ocrx_word' id='word_1_264' title='bbox 733 3428 1000 3502; x_wconf 86' lang='lat' dir='ltr'><strong>declarationem</strong></span> <span class='ocrx_word' id='word_1_265' title='bbox 1019 3430 1125 3502; x_wconf 85' lang='lat' dir='ltr'><strong>refert</strong></span> <span class='ocrx_word' id='word_1_266' title='bbox 1142 3431 1247 3503; x_wconf 88' lang='lat' dir='ltr'><strong>etiam</strong></span> <span class='ocrx_word' id='word_1_267' title='bbox 1264 3432 1390 3503; x_wconf 87' lang='lat' dir='ltr'><strong>Gattic.</strong></span> <span class='ocrx_word' id='word_1_268' title='bbox 1411 3432 1455 3503; x_wconf 87' lang='lat' dir='ltr'><strong>de</strong></span> 
     </span>
     <span class='ocr_line' id='line_1_30' title="bbox 179 3529 565 3602; baseline -0.003 -1"><span class='ocrx_word' id='word_1_269' title='bbox 179 3531 276 3601; x_wconf 85' lang='lat' dir='ltr'><strong>Orat.</strong></span> <span class='ocrx_word' id='word_1_270' title='bbox 296 3529 440 3602; x_wconf 76' lang='lat' dir='ltr'><strong>Damnst.</strong></span> <span class='ocrx_word' id='word_1_271' title='bbox 459 3556 488 3602; x_wconf 89' lang='lat' dir='ltr'><strong>c.</strong></span> <span class='ocrx_word' id='word_1_272' title='bbox 508 3537 565 3602; x_wconf 72' lang='lat'><strong>21.</strong></span> 
     </span>
    </p>
   </div>
   <div class='ocr_carea' id='block_1_4' title="bbox 250 3635 1457 3738">
    <p class='ocr_par' dir='ltr' id='par_1_4' title="bbox 250 3635 1457 3738">
     <span class='ocr_line' id='line_1_31' title="bbox 250 3635 1457 3738; baseline 0.007 -31"><span class='ocrx_word' id='word_1_273' title='bbox 250 3635 303 3707; x_wconf 82' lang='lat' dir='ltr'><strong>Ex</strong></span> <span class='ocrx_word' id='word_1_274' title='bbox 321 3635 364 3707; x_wconf 90' lang='lat' dir='ltr'><strong>iis</strong></span> <span class='ocrx_word' id='word_1_275' title='bbox 379 3637 665 3710; x_wconf 84' lang='lat' dir='ltr'><strong>concludebatur:</strong></span> <span class='ocrx_word' id='word_1_276' title='bbox 684 3660 753 3709; x_wconf 90' lang='lat' dir='ltr'><strong>non</strong></span> <span class='ocrx_word' id='word_1_277' title='bbox 770 3661 871 3732; x_wconf 88' lang='lat' dir='ltr'><strong>posse</strong></span> <span class='ocrx_word' id='word_1_278' title='bbox 890 3639 1066 3712; x_wconf 84' lang='lat' dir='ltr'><strong>Mulierem</strong></span> <span class='ocrx_word' id='word_1_279' title='bbox 1083 3641 1267 3714; x_wconf 85' lang='lat' dir='ltr'><strong>oratricem</strong></span> <span class='ocrx_word' id='word_1_280' title='bbox 1286 3643 1337 3713; x_wconf 91' lang='lat' dir='ltr'><strong>uti</strong></span> <span class='ocrx_word' id='word_1_281' title='bbox 1356 3665 1457 3738; x_wconf 88' lang='lat' dir='ltr'><strong>prae·</strong></span> 
     </span>
    </p>
   </div>
   <div class='ocr_carea' id='block_1_5' title="bbox 173 3836 1455 4504">
    <p class='ocr_par' dir='ltr' id='par_1_5' title="bbox 173 3836 1455 4504">
     <span class='ocr_line' id='line_1_32' title="bbox 238 3836 1451 3914; baseline 0.007 -25"><span class='ocrx_word' id='word_1_282' title='bbox 238 3836 274 3910; x_wconf 80' lang='lat' dir='ltr'><strong>(t)</strong></span> <span class='ocrx_word' id='word_1_283' title='bbox 292 3838 320 3892; x_wconf 87' lang='lat' dir='ltr'><strong>S.</strong></span> <span class='ocrx_word' id='word_1_284' title='bbox 332 3839 363 3894; x_wconf 82' lang='lat' dir='ltr'><strong>C.</strong></span> <span class='ocrx_word' id='word_1_285' title='bbox 376 3839 462 3894; x_wconf 88' lang='lat' dir='ltr'><strong>utitur</strong></span> <span class='ocrx_word' id='word_1_286' title='bbox 487 3839 537 3894; x_wconf 87' lang='lat' dir='ltr'><strong>lrac</strong></span> <span class='ocrx_word' id='word_1_287' title='bbox 564 3839 684 3895; x_wconf 83' lang='lat' dir='ltr'><strong>clausula</strong></span> <span class='ocrx_word' id='word_1_288' title='bbox 703 3845 731 3897; x_wconf 85' lang='lat' dir='ltr'><strong>et</strong></span> <span class='ocrx_word' id='word_1_289' title='bbox 748 3841 789 3898; x_wconf 84' lang='lat' dir='ltr'><strong>nd</strong></span> <span class='ocrx_word' id='word_1_290' title='bbox 839 3856 900 3896; x_wconf 82' lang='lat' dir='ltr'><strong>vcro</strong></span> <span class='ocrx_word' id='word_1_291' title='bbox 918 3853 1081 3898; x_wconf 85' lang='lat' dir='ltr'><strong>sacretauon</strong></span> <span class='ocrx_word' id='word_1_292' title='bbox 1094 3850 1143 3910; x_wconf 79' lang='lat' dir='ltr'><strong>est,</strong></span> <span class='ocrx_word' id='word_1_293' title='bbox 1156 3851 1183 3898; x_wconf 85' lang='lat' dir='ltr'><strong>et</strong></span> <span class='ocrx_word' id='word_1_294' title='bbox 1194 3842 1271 3899; x_wconf 89' lang='lat' dir='ltr'><strong>dubii</strong></span> <span class='ocrx_word' id='word_1_295' title='bbox 1284 3843 1451 3914; x_wconf 80' lang='lat' dir='ltr'><strong>ipsiussolu·</strong></span> 
     </span>
     <span class='ocr_line' id='line_1_33' title="bbox 174 3922 1055 3994; baseline 0.001 -14"><span class='ocrx_word' id='word_1_296' title='bbox 174 3925 310 3990; x_wconf 75' lang='lat' dir='ltr'><strong>meatem,</strong></span> <span class='ocrx_word' id='word_1_297' title='bbox 330 3924 438 3992; x_wconf 86' lang='lat' dir='ltr'><strong>quaudo</strong></span> <span class='ocrx_word' id='word_1_298' title='bbox 457 3931 562 3994; x_wconf 88' lang='lat' dir='ltr'><strong>praeter</strong></span> <span class='ocrx_word' id='word_1_299' title='bbox 579 3922 655 3978; x_wconf 91' lang='lat' dir='ltr'><strong>dubii</strong></span> <span class='ocrx_word' id='word_1_300' title='bbox 673 3925 788 3982; x_wconf 85' lang='lat' dir='ltr'><strong>solutio·</strong></span> <span class='ocrx_word' id='word_1_301' title='bbox 840 3925 906 3979; x_wconf 88' lang='lat' dir='ltr'><strong>tioui</strong></span> <span class='ocrx_word' id='word_1_302' title='bbox 920 3925 1055 3981; x_wconf 85' lang='lat' dir='ltr'><strong>adiicitur.</strong></span> 
     </span>
     <span class='ocr_line' id='line_1_34' title="bbox 175 4009 1452 4082; baseline 0.007 -16"><span class='ocrx_word' id='word_1_303' title='bbox 175 4026 237 4066; x_wconf 89' lang='lat' dir='ltr'><strong>nem</strong></span> <span class='ocrx_word' id='word_1_304' title='bbox 260 4009 359 4078; x_wconf 88' lang='lat' dir='ltr'><strong>aliquid</strong></span> <span class='ocrx_word' id='word_1_305' title='bbox 379 4011 452 4067; x_wconf 82' lang='lat' dir='ltr'><strong>aliud</strong></span> <span class='ocrx_word' id='word_1_306' title='bbox 465 4019 557 4067; x_wconf 87' lang='lat' dir='ltr'><strong>censet</strong></span> <span class='ocrx_word' id='word_1_307' title='bbox 572 4012 787 4070; x_wconf 84' lang='lat' dir='ltr'><strong>animadverten-</strong></span> <span class='ocrx_word' id='word_1_308' title='bbox 898 4009 936 4080; x_wconf 78' lang='lat'><strong>(2)</strong></span> <span class='ocrx_word' id='word_1_309' title='bbox 957 4014 994 4066; x_wconf 74' lang='lat' dir='ltr'><strong>Eo</strong></span> <span class='ocrx_word' id='word_1_310' title='bbox 1011 4019 1130 4082; x_wconf 69' lang='lat' dir='ltr'><strong>tempore</strong></span> <span class='ocrx_word' id='word_1_311' title='bbox 1145 4011 1253 4082; x_wconf 71' lang='lat' dir='ltr'><strong>plurimi</strong></span> <span class='ocrx_word' id='word_1_312' title='bbox 1266 4019 1343 4066; x_wconf 71' lang='lat' dir='ltr'><strong>erant</strong></span> <span class='ocrx_word' id='word_1_313' title='bbox 1356 4013 1452 4066; x_wconf 71' lang='lat' dir='ltr'><strong>Dotio-</strong></span> 
     </span>
     <span class='ocr_line' id='line_1_35' title="bbox 173 4092 1453 4166; baseline 0.005 -17"><span class='ocrx_word' id='word_1_314' title='bbox 173 4095 241 4150; x_wconf 85' lang='lat' dir='ltr'><strong>dum</strong></span> <span class='ocrx_word' id='word_1_315' title='bbox 254 4095 294 4147; x_wconf 81' lang='lat' dir='ltr'><strong>vet</strong></span> <span class='ocrx_word' id='word_1_316' title='bbox 308 4092 500 4151; x_wconf 81' lang='lat' dir='ltr'><strong>declarandum</strong></span> <span class='ocrx_word' id='word_1_317' title='bbox 513 4095 554 4150; x_wconf 79' lang='lat' dir='ltr'><strong>rel</strong></span> <span class='ocrx_word' id='word_1_318' title='bbox 569 4097 787 4166; x_wconf 81' lang='lat' dir='ltr'><strong>praeripiendum</strong></span> <span class='ocrx_word' id='word_1_319' title='bbox 841 4108 883 4148; x_wconf 77' lang='lat' dir='ltr'><strong>res</strong></span> <span class='ocrx_word' id='word_1_320' title='bbox 905 4095 950 4164; x_wconf 82' lang='lat' dir='ltr'><strong>qut</strong></span> <span class='ocrx_word' id='word_1_321' title='bbox 974 4095 1163 4150; x_wconf 81' lang='lat' dir='ltr'><strong>existimabant</strong></span> <span class='ocrx_word' id='word_1_322' title='bbox 1183 4111 1238 4149; x_wconf 86' lang='lat' dir='ltr'><strong>non</strong></span> <span class='ocrx_word' id='word_1_323' title='bbox 1258 4095 1359 4166; x_wconf 79' lang='lat' dir='ltr'><strong>requiri</strong></span> <span class='ocrx_word' id='word_1_324' title='bbox 1381 4111 1453 4166; x_wconf 82' lang='lat' dir='ltr'><strong>prae·</strong></span> 
     </span>
     <span class='ocr_line' id='line_1_36' title="bbox 174 4178 1455 4254; baseline 0.002 -20"><span class='ocrx_word' id='word_1_325' title='bbox 174 4187 240 4246; x_wconf 59' lang='grc' dir='ltr'><strong>σίας</strong></span> <span class='ocrx_word' id='word_1_326' title='bbox 253 4187 280 4234; x_wconf 83' lang='lat' dir='ltr'><strong>et</strong></span> <span class='ocrx_word' id='word_1_327' title='bbox 294 4195 355 4233; x_wconf 88' lang='lat' dir='ltr'><strong>cum</strong></span> <span class='ocrx_word' id='word_1_328' title='bbox 369 4195 445 4235; x_wconf 85' lang='lat' dir='ltr'><strong>suam</strong></span> <span class='ocrx_word' id='word_1_329' title='bbox 460 4188 576 4236; x_wconf 86' lang='lat' dir='ltr'><strong>mentem</strong></span> <span class='ocrx_word' id='word_1_330' title='bbox 591 4181 706 4237; x_wconf 84' lang='lat' dir='ltr'><strong>ulterius</strong></span> <span class='ocrx_word' id='word_1_331' title='bbox 724 4198 787 4254; x_wconf 82' lang='lat' dir='ltr'><strong>ape·</strong></span> <span class='ocrx_word' id='word_1_332' title='bbox 840 4178 952 4233; x_wconf 87' lang='lat' dir='ltr'><strong>sentiam</strong></span> <span class='ocrx_word' id='word_1_333' title='bbox 979 4179 1138 4250; x_wconf 81' lang='lat' dir='ltr'><strong>privilegiati</strong></span> <span class='ocrx_word' id='word_1_334' title='bbox 1158 4188 1188 4235; x_wconf 89' lang='lat' dir='ltr'><strong>ut</strong></span> <span class='ocrx_word' id='word_1_335' title='bbox 1206 4181 1302 4234; x_wconf 84' lang='lat' dir='ltr'><strong>caeteri</strong></span> <span class='ocrx_word' id='word_1_336' title='bbox 1327 4180 1356 4235; x_wconf 92' lang='lat' dir='ltr'><strong>iu</strong></span> <span class='ocrx_word' id='word_1_337' title='bbox 1378 4183 1455 4237; x_wconf 85' lang='lat' dir='ltr'><strong>Brevi</strong></span> 
     </span>
     <span class='ocr_line' id='line_1_37' title="bbox 176 4263 1455 4335; baseline 0.003 -17"><span class='ocrx_word' id='word_1_338' title='bbox 176 4267 244 4330; x_wconf 77' lang='lat' dir='ltr'><strong>ciat,</strong></span> <span class='ocrx_word' id='word_1_339' title='bbox 258 4263 317 4318; x_wconf 86' lang='lat' dir='ltr'><strong>ideo</strong></span> <span class='ocrx_word' id='word_1_340' title='bbox 328 4264 463 4320; x_wconf 86' lang='lat' dir='ltr'><strong>dicituret</strong></span> <span class='ocrx_word' id='word_1_341' title='bbox 472 4267 512 4320; x_wconf 83' lang='lat' dir='ltr'><strong>ud</strong></span> <span class='ocrx_word' id='word_1_342' title='bbox 523 4271 650 4332; x_wconf 81' lang='lat' dir='ltr'><strong>meatem,</strong></span> <span class='ocrx_word' id='word_1_343' title='bbox 661 4282 729 4335; x_wconf 69' lang='lat' dir='ltr'><strong>quae</strong></span> <span class='ocrx_word' id='word_1_344' title='bbox 739 4269 789 4324; x_wconf 67' lang='lat' dir='ltr'><strong>ati.</strong></span> <span class='ocrx_word' id='word_1_345' title='bbox 843 4267 979 4320; x_wconf 83' lang='lat' dir='ltr'><strong>memorati</strong></span> <span class='ocrx_word' id='word_1_346' title='bbox 1000 4265 1136 4334; x_wconf 81' lang='lat' dir='ltr'><strong>privilegio</strong></span> <span class='ocrx_word' id='word_1_347' title='bbox 1147 4263 1309 4320; x_wconf 81' lang='lat' dir='ltr'><strong>fruerentur.</strong></span> <span class='ocrx_word' id='word_1_348' title='bbox 1316 4266 1376 4322; x_wconf 83' lang='lat' dir='ltr'><strong>Vid.</strong></span> <span class='ocrx_word' id='word_1_349' title='bbox 1386 4268 1455 4322; x_wconf 87' lang='lat' dir='ltr'><strong>Gat-</strong></span> 
     </span>
     <span class='ocr_line' id='line_1_38' title="bbox 174 4347 1454 4422; baseline 0.004 -21"><span class='ocrx_word' id='word_1_350' title='bbox 174 4349 285 4416; x_wconf 84' lang='lat' dir='ltr'><strong>quaudo</strong></span> <span class='ocrx_word' id='word_1_351' title='bbox 304 4357 344 4401; x_wconf 86' lang='lat' dir='ltr'><strong>est</strong></span> <span class='ocrx_word' id='word_1_352' title='bbox 362 4359 461 4404; x_wconf 85' lang='lat' dir='ltr'><strong>secreta</strong></span> <span class='ocrx_word' id='word_1_353' title='bbox 474 4357 505 4404; x_wconf 87' lang='lat' dir='ltr'><strong>ut</strong></span> <span class='ocrx_word' id='word_1_354' title='bbox 516 4351 544 4402; x_wconf 92' lang='lat' dir='ltr'><strong>in</strong></span> <span class='ocrx_word' id='word_1_355' title='bbox 559 4349 691 4419; x_wconf 88' lang='lat' dir='ltr'><strong>praesenti</strong></span> <span class='ocrx_word' id='word_1_356' title='bbox 710 4367 789 4420; x_wconf 87' lang='lat' dir='ltr'><strong>casu,</strong></span> <span class='ocrx_word' id='word_1_357' title='bbox 840 4347 902 4403; x_wconf 90' lang='lat' dir='ltr'><strong>tiro.</strong></span> <span class='ocrx_word' id='word_1_358' title='bbox 917 4355 1040 4404; x_wconf 85' lang='lat' dir='ltr'><strong>Deerat.</strong></span> <span class='ocrx_word' id='word_1_359' title='bbox 1054 4355 1173 4404; x_wconf 81' lang='lat' dir='ltr'><strong>Domest.</strong></span> <span class='ocrx_word' id='word_1_360' title='bbox 1186 4365 1249 4420; x_wconf 82' lang='lat' dir='ltr'><strong>cap.</strong></span> <span class='ocrx_word' id='word_1_361' title='bbox 1264 4357 1308 4419; x_wconf 66' lang='grc' dir='ltr'><strong>Ἡ,</strong></span> <span class='ocrx_word' id='word_1_362' title='bbox 1318 4360 1344 4406; x_wconf 86' lang='lat' dir='ltr'><strong>et</strong></span> <span class='ocrx_word' id='word_1_363' title='bbox 1354 4354 1454 4422; x_wconf 81' lang='lat' dir='ltr'><strong>Pignu-</strong></span> 
     </span>
     <span class='ocr_line' id='line_1_39' title="bbox 174 4432 1226 4504; baseline 0.008 -22"><span class='ocrx_word' id='word_1_364' title='bbox 174 4439 203 4484; x_wconf 81' lang='lat' dir='ltr'><strong>et</strong></span> <span class='ocrx_word' id='word_1_365' title='bbox 217 4439 323 4486; x_wconf 87' lang='lat' dir='ltr'><strong>tautum</strong></span> <span class='ocrx_word' id='word_1_366' title='bbox 337 4432 393 4486; x_wconf 85' lang='lat' dir='ltr'><strong>illis</strong></span> <span class='ocrx_word' id='word_1_367' title='bbox 410 4433 596 4488; x_wconf 78' lang='lat' dir='ltr'><strong>manifestatur</strong></span> <span class='ocrx_word' id='word_1_368' title='bbox 608 4433 642 4489; x_wconf 89' lang='lat' dir='ltr'><strong>ad</strong></span> <span class='ocrx_word' id='word_1_369' title='bbox 660 4449 728 4504; x_wconf 86' lang='lat' dir='ltr'><strong>quos</strong></span> <span class='ocrx_word' id='word_1_370' title='bbox 743 4435 791 4491; x_wconf 88' lang='lat' dir='ltr'><strong>lru·</strong></span> <span class='ocrx_word' id='word_1_371' title='bbox 841 4432 898 4489; x_wconf 87' lang='lat' dir='ltr'><strong>tell.</strong></span> <span class='ocrx_word' id='word_1_372' title='bbox 910 4439 976 4490; x_wconf 89' lang='lat' dir='ltr'><strong>tum.</strong></span> <span class='ocrx_word' id='word_1_373' title='bbox 989 4442 1089 4490; x_wconf 76' lang='lat' dir='ltr'><strong>occas.</strong></span> <span class='ocrx_word' id='word_1_374' title='bbox 1100 4439 1133 4488; x_wconf 83' lang='lat'><strong>98</strong></span> <span class='ocrx_word' id='word_1_375' title='bbox 1143 4451 1171 4489; x_wconf 85' lang='lat' dir='ltr'><strong>n.</strong></span> <span class='ocrx_word' id='word_1_376' title='bbox 1181 4439 1226 4490; x_wconf 82' lang='lat' dir='ltr'><strong>aa.</strong></span> 
     </span>
    </p>
   </div>
   <div class='ocr_carea' id='block_1_6' title="bbox 174 4514 1360 4643">
    <p class='ocr_par' dir='ltr' id='par_1_6' title="bbox 174 4514 1360 4643">
     <span class='ocr_line' id='line_1_40' title="bbox 174 4514 791 4588; baseline 0.013 -20"><span class='ocrx_word' id='word_1_377' title='bbox 174 4514 219 4570; x_wconf 90' lang='lat' dir='ltr'><strong>ius</strong></span> <span class='ocrx_word' id='word_1_378' title='bbox 235 4517 331 4571; x_wconf 80' lang='lat' dir='ltr'><strong>Mentis</strong></span> <span class='ocrx_word' id='word_1_379' title='bbox 347 4519 478 4587; x_wconf 84' lang='lat' dir='ltr'><strong>expressio</strong></span> <span class='ocrx_word' id='word_1_380' title='bbox 492 4517 632 4587; x_wconf 81' lang='lat' dir='ltr'><strong>dirigitur;</strong></span> <span class='ocrx_word' id='word_1_381' title='bbox 645 4519 791 4588; x_wconf 88' lang='lat' dir='ltr'><strong>aliquando</strong></span> 
     </span>
     <span class='ocr_line' id='line_1_41' title="bbox 1341 4605 1360 4643; baseline 0 0"><span class='ocrx_word' id='word_1_382' title='bbox 1341 4605 1360 4643; x_wconf 75' lang='lat' dir='ltr'><strong>u</strong></span> 
     </span>
    </p>
   </div>
   <div class='ocr_carea' id='block_1_7' title="bbox 0 0 1645 5004">
    <p class='ocr_par' dir='ltr' id='par_1_7' title="bbox 0 0 1645 5004">
     <span class='ocr_line' id='line_1_42' title="bbox 0 0 1645 5004; baseline 0 0"><span class='ocrx_word' id='word_1_383' title='bbox 0 0 1645 5004; x_wconf 95' lang='lat' dir='ltr'><strong> </strong></span> 
     </span>
    </p>
   </div>
  </div>
 </body>
</html>
