3248 5004
208 415 230 484 8
577 435 615 481 or
636 433 737 482 srssas
755 433 881 481 rrssar.
900 433 938 480 sr
957 432 1116 481 arrurcsr.

208 560 296 631 quas
329 536 466 631 puilibet
489 536 591 630 regit.
621 535 834 608 Concinnata
858 534 975 628 itaque
999 534 1141 606 inerunt
1170 531 1332 628 Episcopi
1358 531 1485 608 dubia.-

210 644 325 738 prouti
349 641 437 714 inira
462 642 672 714 scribuntur.

604 815 846 881 ntueepmto
865 813 1083 881 §yssopum

278 957 390 1045 Quoto
416 982 520 1030 ussus
545 981 766 1029 rrsnrrronsr.
780 957 895 1028 -Ex
912 959 1041 1042 allicio,
1060 960 1146 1031 baec
1162 958 1349 1052 praecipua
1365 959 1481 1050 capita

206 1063 293 1134 iuris
318 1064 602 1156 proponebantur
625 1063 661 1135 S.
679 1062 959 1157 congregationi.
986 1064 1175 1137 Praemisso
1192 1085 1317 1156 nempe
1338 1062 1482 1134 notione

207 1169 371 1241 historica
388 1170 604 1262 disciplinae,
622 1191 711 1262 quae
728 1171 922 1243 successive
944 1170 1032 1240 hauc
1051 1172 1232 1241 missarum
1259 1168 1481 1240 iterationem

206 1274 385 1347 moderata
410 1288 480 1358 est,
499 1273 715 1368 allegabatur
737 1288 844 1368 caput
860 1277 881 1346 3
898 1275 940 1346 de
955 1273 1110 1346 celebret.
1128 1275 1262 1346 ntiasor.
1281 1275 1315 1344 in
1337 1295 1406 1367 quo
1431 1274 1479 1344 ita

205 1380 322 1452 sanxit
346 1380 569 1453 Innocentius
586 1379 645 1450 ΙΙΙ.
662 1381 851 1475 «Excepto
875 1382 930 1453 die
955 1380 1153 1452 Nativitatis
1172 1379 1385 1462 llominicae,
1412 1379 1481 1449 nisi

210 1512 226 1554 a
246 1509 349 1558 causa
373 1487 591 1559 necessitatis
607 1488 770 1572 suadeat,
788 1487 915 1557 sullicit
931 1485 1109 1558 Sacerdoti
1127 1485 1233 1557 semel
1250 1487 1285 1555 in
1301 1485 1358 1557 die
1375 1507 1477 1556 unam

210 1617 226 1660 n
247 1593 385 1672 Missam
411 1592 627 1664 solummodo
651 1592 836 1664 celebrare.
854 1618 870 1658 a
891 1592 956 1664 Ubi
983 1590 1128 1665 verbum
1152 1591 1291 1686 sufficit,
1311 1612 1380 1662 non
1397 1613 1483 1660 con·

206 1697 419 1770 venientiam
435 1696 585 1791 aliquam
602 1698 837 1781 commendat,
851 1696 911 1769 sed
928 1720 1049 1771 verum
1067 1709 1289 1790 praeceptum
1306 1695 1477 1775 continet,

205 1826 271 1875 ceu
288 1805 394 1875 etiam
412 1804 530 1875 docuit
548 1803 726 1876 Benedict.
744 1803 831 1876 lllV.
852 1805 887 1874 in
907 1803 1017 1876 Cenat.
1039 1801 1228 1874 Declorosti
1244 1802 1347 1872 roobia.
1366 1800 1484 1888 Quae-

205 1931 286 1979 nam
311 1931 414 2002 porro
437 1907 562 1981 debeat
586 1931 662 1981 esse
689 1909 878 1981 necessitas
902 1909 945 1980 ab
970 1909 1172 1981 lnnocentio
1196 1907 1369 1990 indicata,
1396 1906 1483 1977 lieet

203 2013 459 2107 disputaverint
476 2014 518 2085 de
534 2038 575 2086 ca
591 2013 778 2096 Doctores,
796 2015 914 2098 bodie,
933 2015 1137 2108 praesertim
1163 2025 1242 2107 post
1266 2014 1353 2084 banc
1368 2013 1486 2084 Rene

203 2119 289 2191 dicti
306 2119 393 2191 xlv.
411 2119 723 2204 Constitutiooem,
743 2120 801 2190 illa
818 2132 872 2193 est
892 2119 1202 2213 (subiungebatur)
1221 2141 1289 2211 qua
1306 2121 1479 2213 reperitur

205 2226 379 2320 presbiter
402 2227 461 2319 qui
488 2227 573 2298 duas
598 2225 723 2299 babeat
749 2227 948 2320 paroecias,
975 2237 1012 2298 et
1036 2227 1072 2296 in
1096 2226 1301 2299 alterutram
1329 2239 1483 2317 nequeat

201 2330 357 2424 Populus
381 2332 586 2415 convenire,
613 2354 677 2402 oec
701 2331 790 2402 alius
813 2331 983 2403 habeatur
1011 2331 1184 2425 presbiter
1211 2340 1350 2424 praeter
1374 2329 1483 2401 Paro·

203 2436 331 2519 chum,
352 2439 411 2529 qui
433 2437 574 2508 missam
599 2437 707 2530 possit
732 2437 917 2509 celebrare.
948 2437 993 2508 Et
1017 2436 1142 2508 similis
1166 2446 1349 2529 reputatur
1373 2437 1483 2506 etiam

203 2565 318 2625 casus,
335 2565 405 2637 quo
420 2543 595 2615 Parocbus
611 2543 676 2614 etsi
694 2564 762 2614 non
780 2543 909 2636 praesit
925 2542 1059 2614 duabus
1076 2543 1260 2635 paroeciis,
1280 2554 1398 2612 tamen
1422 2537 1478 2611 vel

202 2646 290 2719 duos
315 2659 410 2741 regat
435 2648 527 2720 inter
551 2671 588 2720 se
612 2647 751 2721 dissitos
776 2647 941 2743 populos,
963 2669 1112 2740 quorum
1137 2669 1227 2718 unus
1247 2647 1291 2719 ob
1316 2667 1480 2740 magnam

203 2753 358 2826 locorum
382 2755 582 2825 distantiam
622 2755 784 2827 assistere
801 2777 868 2826 noo
886 2755 995 2847 possit
1013 2753 1168 2826 Parocbo
1193 2753 1402 2837 celebranti,
1422 2751 1477 2824 vel

203 2858 355 2931 etiamsi
374 2882 441 2929 una
457 2860 502 2928 sit
519 2859 696 2943 Ecclesia,
712 2883 801 2955 quae
825 2861 1026 2932 universum
1040 2858 1213 2954 Populum
1230 2860 1333 2930 simul
1353 2883 1477 2953 capere

202 2986 272 3035 non
297 2965 419 3056 possit.
447 2965 555 3036 Extra
579 2966 775 3039 huiusmodi
800 2966 1017 3038 necessitatis
1044 2989 1168 3048 casus,
1195 2988 1309 3058 neque
1333 2988 1478 3038 consue-

202 3069 308 3153 tudo,
327 3069 392 3141 etsi
409 3071 659 3154 vetustissima,
685 3072 863 3165 suffragari
888 3083 1005 3164 potest
1022 3071 1202 3143 blissarum
1225 3071 1418 3153 iterationi,
1436 3083 1477 3142 ut

202 3176 240 3246 S.
258 3173 297 3244 C.
317 3174 819 3270 c.in1)errosen.aonu9usrt
838 3181 940 3259 ¹768,
959 3189 995 3248 et
1011 3176 1093 3246 alibi
1111 3177 1261 3248 censuit.
1282 3175 1477 3247 adnotaba-

201 3291 261 3349 tur
278 3301 359 3351 vero
376 3281 413 3349 in
429 3280 530 3374 sacto,
542 3283 633 3374 quod
650 3281 733 3354 licet
748 3283 936 3353 haberetur
952 3282 1111 3374 generica
1131 3282 1402 3374 presbiterorum
1418 3282 1475 3354 de·

203 3383 374 3468 brientio,
390 3398 508 3458 ‚tamen
528 3409 571 3458 ex
596 3409 636 3459 ea
661 3389 757 3482 argui
781 3409 850 3459 non
867 3399 1005 3482 poterat
1028 3411 1109 3460 vera
1134 3388 1322 3460 necessitas
1339 3389 1375 3458 in
1392 3410 1477 3481 qua·

200 3490 288 3562 libet
313 3493 482 3583 paroecia.

272 3595 456 3668 Caeterum
480 3598 749 3685 observabatur,
768 3599 968 3671 distantiam
985 3599 1219 3671 Ecclesiarum
1240 3622 1329 3692 quae
1353 3599 1475 3672 filiales

202 3701 514 3794 nuncupabantur,
540 3727 559 3774 a
584 3704 776 3777 Parocbiali
802 3705 959 3778 Ecclesia
990 3705 1034 3775 ab
1063 3727 1133 3775 uno
1165 3705 1304 3776 circiter
1336 3704 1475 3797 lapide,

199 3827 311 3898 usque
335 3808 379 3879 ad
406 3809 471 3880 tria
495 3821 531 3881 et
554 3822 705 3903 quatuor
728 3833 894 3904 passuum
917 3809 1026 3880 millia
1050 3811 1227 3903 protendi:
1246 3824 1282 3882 et
1301 3809 1420 3882 fideles
1437 3811 1472 3879 in

197 3911 319 3983 multis
344 3913 510 3985 Ecclesiis
538 3915 715 4008 usquead
743 3915 939 3987 biscentum
965 3927 1000 3986 et
1025 3925 1229 3986 sexcentum
1261 3915 1473 3998 ascendere,

198 4017 358 4107 quamvis
374 4018 409 4087 in
428 4019 602 4090 nonnullis
626 4043 694 4090 non
718 4019 784 4090 nisi
810 4021 963 4113 quinque
988 4019 1042 4089 rel
1068 4019 1187 4092 decem
1212 4033 1349 4090 tantum
1374 4043 1474 4113 repe·

198 4121 345 4193 riantur.
372 4122 425 4194 Ob
442 4145 528 4216 quas
552 4125 743 4218 peculiares
759 4125 1053 4208 circumstantias,
1072 4126 1310 4218 exponebatur
1330 4148 1473 4218 respon·

196 4227 250 4297 sio
274 4227 310 4298 S.
330 4227 369 4298 C.
390 4230 425 4298 in
448 4253 529 4301 casu
556 4252 622 4301 non
647 4231 818 4314 absimili,
836 4232 1013 4325 proposito
1034 4255 1096 4326 per
1117 4229 1312 4302 Summorr'o
1330 4253 1472 4325 precum

196 4331 253 4402 die
276 4335 318 4402 li
339 4331 495 4404 leonorii
521 4339 608 4406 ¹847
630 4337 667 4404 in
692 4335 878 4430 Lipponen.
906 4337 945 4408 ln
969 4359 1011 4407 eo
1036 4337 1129 4408 enim
1153 4337 1281 4430 pariter
1304 4335 1473 4430 agebatur

194 4435 222 4508 l.
242 4437 284 4510 dc
302 4441 636 4532 consuetudineque
658 4441 815 4512 nonnulli
838 4442 1030 4512 animarum
1051 4439 1212 4514 Pastores
1249 4441 1387 4514 Missam
1405 4442 1476 4514 ite·
