3282 5008
205 409 269 476 tiit
637 430 822 480 actuarius
839 433 1032 482 arrarsomr.

271 530 359 604 liinc
387 553 467 604 cunr
492 533 635 628 Sponsi,
662 537 697 607 in
722 560 825 608 eausa
848 539 891 611 de
915 561 982 632 qua
1007 539 1153 633 agimus,
1174 537 1473 610 manifestaverint

201 635 415 710 voluntatem
436 641 634 734 acquirendi
651 642 705 713 ius
722 643 993 736 parochialitatis
1010 647 1043 716 in
1061 647 1216 739 praelato
1240 643 1388 738 oppido,
1410 667 1473 737 per

199 743 468 838 adscriptionem
492 747 528 816 in
555 746 633 820 albo
658 750 930 843 oppidanorum,
957 753 1041 824 nihil
1067 755 1254 834 interesse,
1288 749 1474 822 conclude-

199 847 323 932 batur,
349 850 378 919 si
403 850 529 922 ibidem
556 874 624 924 non
649 854 882 928 habitaverint
904 871 985 929 ante
1006 857 1336 940 matrimonium,et
1353 854 1472 924 statim

201 967 279 1047 post
303 954 571 1029 celebrationem
596 959 689 1031 illius
713 961 756 1032 ab
778 962 905 1056 oppido
926 962 1158 1034 discesserint.

271 1059 482 1132 Praesertim
503 1085 582 1133 cum
608 1085 705 1137 mens
721 1065 866 1138 Concilii
885 1067 1078 1138 Tridentini
1103 1066 1299 1138 inducentis
1323 1064 1470 1136 clamde-

200 1165 368 1236 stinitatis
392 1167 678 1261 impedimentum
704 1195 744 1242 ea
768 1171 893 1256 luerit,
912 1186 952 1244 ut
968 1172 1165 1244 obviaretur
1188 1170 1369 1242 fraudibus
1385 1193 1474 1262 quae

200 1292 245 1340 ex
269 1270 405 1341 occulta
429 1272 728 1345 matrimoniorum
745 1275 977 1348 celebratione
991 1277 1025 1347 in
1039 1277 1112 1348 dies
1129 1277 1375 1356 obveniebant,
1393 1297 1472 1346 cum

199 1373 333 1444 alienus
345 1375 519 1447 Parochus
536 1379 693 1450 conscius
711 1403 786 1452 esse
802 1394 952 1474 nequeat
969 1381 1309 1474 impedimentorum.
1322 1379 1472 1450 llarbosa

201 1491 266 1548 uot.
284 1478 387 1550 decis.
415 1485 454 1566 19
473 1505 507 1552 n.
528 1487 585 1554 lb.
604 1485 691 1556 Hinc
716 1509 759 1556 ex
782 1487 845 1558 bac
869 1486 1014 1558 Concilii
1041 1488 1234 1561 Tridentini
1257 1500 1377 1560 mente
1393 1509 1475 1557 cou-

198 1585 405 1657 cludebatur
429 1585 601 1672 sufficere,
621 1602 661 1660 ut
677 1593 847 1683 parochus
863 1592 1110 1664 contrahentes
1125 1606 1257 1678 noscat,
1276 1605 1313 1665 et
1330 1616 1397 1664 non
1415 1614 1476 1662 ne·

198 1693 348 1763 cessario
369 1692 480 1785 exigi,
499 1708 538 1764 ut
564 1697 807 1768 contrahentes
823 1699 859 1767 in
877 1697 951 1770 loco
968 1699 1027 1769 ubi
1046 1701 1268 1784 contrahunt,
1295 1701 1476 1770 habitave-

199 1796 283 1867 rint.
311 1797 547 1890 inpraesenti
582 1823 663 1872 vero
696 1824 799 1872 causa
832 1825 899 1874 non
931 1804 1040 1874 solum
1071 1803 1244 1876 Parochus
1280 1806 1475 1900 oppidanus

199 1904 444 1975 contrahentes
461 1905 570 1988 novit,
591 1919 711 2000 utpote
728 1909 786 2000 qui
805 1932 873 1980 non
898 1909 1125 1982 clamdestine
1142 1923 1399 1994 contraxerant,
1415 1912 1473 1982 sed

200 2008 271 2080 imo
294 2008 469 2101 integrum
492 2009 687 2082 celebrandi
713 2013 923 2084 matrimonii
949 2014 1127 2107 negotium
1152 2015 1217 2108 ipsi
1243 2018 1390 2110 parocho
1407 2017 1476 2087 luit

200 2135 436 2188 commissum.

270 2219 339 2292 Nec
372 2222 510 2293 obstare
542 2222 684 2315 insuper
714 2224 894 2298 dicebatur
924 2226 1028 2296 huius
1059 2225 1269 2298 matrimonii
1302 2228 1474 2298 validitati

199 2326 496 2398 Constitutiouem
520 2327 698 2401 Benedicti
715 2331 802 2402 XlV.
825 2331 949 2402 Paucis
968 2330 1010 2401 ub
1030 2331 1121 2401 hinc.
1141 2333 1177 2402 ln
1203 2357 1241 2405 ea
1266 2331 1372 2417 enim,
1392 2333 1474 2405 licet

200 2435 307 2504 veluti
332 2435 498 2525 quaedam
525 2458 644 2508 nonna
684 2450 859 2508 statuatur
881 2439 1050 2508 habitatio
1075 2437 1197 2510 saltem
1222 2442 1325 2520 unius
1344 2441 1476 2512 mensis

196 2539 241 2610 ad
267 2540 334 2621 rite
358 2541 630 2611 contrahendum
647 2543 682 2611 in
700 2541 813 2634 aliqua
838 2565 925 2614 nova
951 2543 1126 2634 paroecia,
1153 2555 1268 2616 mmen
1291 2546 1357 2616 hoc
1378 2567 1476 2617 meu·

197 2645 247 2714 sis
271 2645 421 2737 spatium
447 2645 685 2739 accipiendum
703 2669 769 2717 non
787 2659 840 2718 est
857 2669 960 2718 sensu
975 2647 1235 2741 praescriptive,
1255 2649 1315 2720 sed
1333 2651 1476 2720 omnino

196 2771 304 2821 sensu
332 2753 589 2844 praesumtive,
624 2764 795 2844 quatenus
828 2753 997 2823 habitatio
1033 2752 1135 2822 unius
1168 2755 1298 2824 mensis
1335 2774 1477 2845 praesu·

197 2943 286 3010 priam
306 2943 465 3010 paroeciam,
479 2957 540 2996 cum
554 2941 628 2996 deest
647 2943 744 3014 proprii
766 2958 811 3011 pa·
863 2943 973 3010 figeret,
997 2942 1166 3011 protestando
1179 2943 1287 2999 seruile
1306 2941 1334 2996 in
1352 2940 1475 2998 laturum

201 3025 275 3080 raeiri
302 3023 456 3096 delegatio,
478 3027 690 3082 animadvertere
712 3027 809 3082 debes:
862 3028 948 3080 vivere
957 3025 1008 3081 sub
1020 3027 1104 3082 tutela
1114 3036 1213 3083 etcum
1228 3027 1310 3081 aviae
1328 3035 1475 3084 maternae.

200 3110 352 3180 tUrsayam
365 3109 415 3164 hoe
426 3111 464 3164 uti
473 3113 593 3180 example
603 3120 717 3166 utsunm
730 3127 809 3180 quam
863 3115 897 3165 Et
906 3113 977 3166 circa
986 3111 1223 3181 haucpeeuliarcm
1232 3111 1477 3179 circumstantiam,

196 3193 361 3250 defendebat
386 3210 495 3250 eausam
517 3197 545 3250 in
569 3213 598 3251 ea
620 3195 811 3266 disceptatione
861 3213 913 3266 qua
929 3211 959 3250 sc
979 3199 1078 3266 recepit
1093 3197 1204 3253 domum
1224 3197 1305 3250 Avine
1321 3206 1475 3264 maternae,

201 3282 317 3345 iuvaret,
335 3289 363 3335 et
379 3296 441 3336 cum
463 3279 603 3336 dumtaxat
622 3281 708 3336 obiter
716 3282 749 3336 de
761 3283 810 3338 bae
863 3281 929 3335 haec
941 3278 1023 3335 relert
1034 3281 1257 3352 ipsemetUrsaya
1272 3281 1323 3335 loc.
1335 3281 1381 3337 cit.
1391 3297 1477 3336 acon·

201 3365 336 3435 loquatur,
345 3375 477 3436 quantum
488 3366 520 3420 ad
531 3383 610 3422 suum
621 3382 731 3436 scopum
743 3368 811 3422 ubti·
864 3388 876 3413 ι
888 3364 1036 3420 cordabant
1047 3367 1182 3422 innumeri
1194 3373 1299 3421 testes..
1310 3407 1316 3420 .
1327 3368 1422 3422 ,unice
1436 3375 1476 3420 at·

197 3439 320 3504 neudum
341 3449 509 3518 sufficiebat,
524 3467 577 3505 uon
593 3453 683 3506 omnia
703 3452 809 3508 reterre.
865 3450 1036 3505 »tribuentes
1047 3452 1216 3507 validitatem
1230 3448 1294 3504 dicti
1308 3449 1473 3506 matrimonii

201 3534 415 3590 animadverte
426 3535 496 3606 quod
509 3536 570 3590 licet
581 3537 660 3591 modo
673 3539 812 3605 ignoretur
865 3558 877 3583 v
890 3535 930 3588 illi
949 3535 1180 3598 circumstantiae,
1200 3535 1270 3604 quod
1283 3536 1380 3592 Mulier
1398 3551 1474 3588 ncce-

198 3635 330 3674 numcrus
346 3620 451 3674 dierum
467 3621 564 3689 quibus
582 3623 672 3691 sponsi
684 3623 810 3677 forolivii
865 3619 977 3674 ndendo
995 3619 1028 3674 ad
1042 3621 1182 3675 Civitatem
1203 3619 1325 3676 Forolivii
1346 3622 1374 3673 in
1394 3618 1476 3673 dorne

200 3713 422 3774 permanserant,
447 3715 535 3760 tamen
559 3723 613 3761 nou
639 3704 724 3762 deluit
750 3707 809 3778 plu·
865 3705 947 3759 »eius
959 3709 1038 3760 aviac
1051 3720 1120 3773 quac
1133 3701 1476 3770 tuerateriamtutrustu·

202 3777 384 3843 riumdierum
393 3788 740 3856 habitatio,tumante,tum
753 3801 812 3862 post
865 3813 878 3838 ι
890 3791 937 3843 tim
948 3789 1043 3844 effecta
1054 3789 1144 3843 luerat
1157 3789 1320 3844 Paroclaiana
1330 3798 1357 3842 et
1366 3787 1475 3843 subdita

203 3874 367 3928 matrimonii
376 3873 615 3929 celebrationemt
625 3875 812 3932 Animadverte
865 3899 877 3924 ι
890 3873 1166 3930 ParoclroForulirii.·
1175 3877 1215 3929 De
1227 3876 1276 3930 hac
1288 3889 1367 3928 causa
1377 3889 1475 3929 consu·

200 3959 342 4013 Mulierem
355 3959 414 4012 idea
433 3959 511 4013 ivisse
521 3959 769 4030 Forulivium,quia
783 3961 811 4014 in
863 3961 959 4017 lendus
981 3965 1022 4013 est
1040 3961 1120 4012 etiam
1134 3960 1296 4015 Benedictus
1313 3959 1375 4011 xlv
1385 3959 1431 4028 qui
1443 3975 1476 4014 eo

197 4059 232 4098 ea
249 4043 357 4098 civitate
378 4043 492 4112 degebat
513 4045 571 4099 eius
589 4045 652 4099 Avia
672 4054 811 4111 nraterna,
863 4053 981 4115 tempore
1007 4043 1145 4098 Secretarii
1174 4059 1284 4100 munere
1313 4041 1476 4110 fungebatur

201 4144 282 4198 quarn
294 4143 371 4184 suam
384 4129 519 4196 tutricem,
529 4131 723 4186 etcuratricem
736 4145 811 4199 prac-
864 4145 944 4203 peaes
959 4129 987 4182 S.
1000 4129 1030 4184 C.
1041 4129 1071 4182 C.
1083 4127 1152 4184 hanc
1161 4131 1346 4201 quaestionem
1361 4127 1477 4183 breviter

198 4213 366 4281 dicabat,et
376 4212 409 4268 ad
424 4229 482 4268 enni
496 4229 552 4268 sese
563 4224 696 4284 receperat
706 4224 734 4269 ut
744 4215 813 4270 ellu-
864 4215 988 4271 indicans
1007 4223 1062 4268 tum
1081 4214 1107 4267 iu
1126 4214 1241 4270 constit.
1256 4211 1476 4267 Paucisabhtuc

200 4308 276 4366 geret
287 4307 427 4367 pareutum
438 4299 585 4362 caelestius,
597 4309 623 4354 et
633 4315 723 4354 coram
737 4301 812 4354 testi·
862 4302 958 4355 tamin
974 4303 1061 4354 instit.
1071 4307 1102 4354 ³³
1112 4299 1145 4353 da
1156 4299 1256 4370 quibus
1269 4295 1336 4351 redit
1345 4313 1432 4353 sermo
1445 4299 1477 4351 iu

200 4383 254 4436 bus
262 4382 315 4437 sub
324 4384 467 4437 iuramenti
477 4381 528 4436 lide
536 4392 612 4437 auten
621 4383 811 4448 declaraverat,
863 4385 1056 4457 disceptatione
1074 4393 1164 4441 nostm
1183 4384 1271 4439 lavore
1282 4383 1371 4440 Caiat.

200 4483 232 4524 se
250 4469 353 4524 venisse
369 4467 532 4524 forolivium
547 4479 576 4523 ut
589 4469 626 4523 ibi
645 4469 812 4524 vtoruicilium
