3248 5004
198 399 247 466 dd
733 415 886 464 aruauurx
911 413 957 462 ru.

196 523 323 586 occulte
338 527 738 603 pertractentur,utpusses
754 539 810 583 ve·
862 520 1087 584 Constitutione
1109 519 1263 584 Benedicti
1288 523 1369 584 xlv.
1393 541 1473 602 quae

198 623 257 685 iuli
271 624 428 704 disputare
450 624 524 704 quid
543 625 687 685 secretius
703 624 759 698 sit,
773 641 811 684 an
861 622 969 702 incipit
981 625 1086 684 Pastor
1103 626 1217 684 Bonus:
1230 623 1283 686 sed
1300 626 1362 686 imo
1376 625 1470 687 murita

198 728 426 788 sacramentalis
453 725 652 786 confessionis
677 725 811 802 sigillum
862 731 1069 804 prorsussuut
1079 725 1141 786 RR.
1154 724 1336 787 Pontificum
1348 727 1470 788 oracula

201 827 249 888 ret
275 845 311 888 ea
344 844 423 907 quae
455 826 569 888 ibidem
590 825 807 904 expediuntur.
862 828 1139 906 quacineiusdem
1155 827 1469 890 Poeniteutiuriaere·

199 929 810 1010 Pluratamenexeodemtribunalipru·
861 929 1469 1009 gentiureperiuntur,quibuspcculiares

198 1031 809 1111 deuutquaeetiamudexternumtorum
861 1030 1019 1094 facultates
1041 1031 1252 1094 conceduntur
1273 1039 1337 1093 tum
1356 1034 1466 1092 Poeni-

198 1135 362 1210 pertinent,
374 1133 543 1195 cuiusmodi
556 1134 810 1211 praesertimsunt
861 1133 1006 1219 teutiauiu
1030 1134 1161 1212 Maiori,
1192 1141 1257 1196 tum
1278 1134 1337 1214 ipsi
1358 1132 1469 1194 Tribu-

197 1233 440 1314 dispensatioues
469 1235 707 1296 matrimoniales
730 1253 810 1315 quae
862 1235 922 1296 uuli
936 1235 1133 1316 eiusdemque
1143 1234 1341 1310 officialibus,
1357 1241 1470 1297 etnuu·

198 1334 809 1416 pauperibuccuuceduntur.ltaquecum
861 1355 927 1398 mae
957 1339 1061 1418 piures
1091 1338 1330 1400 determinantur
1356 1337 1470 1416 quibus

197 1453 233 1497 ea
245 1453 323 1516 qune
338 1439 452 1515 praxim
471 1439 621 1517 vigentem
643 1439 809 1517 respiciant
859 1441 982 1516 negotia
1003 1438 1092 1518 dirigi
1114 1438 1257 1501 debeant.
1273 1440 1377 1518 ltaque
1390 1439 1469 1499 inter

193 1544 229 1598 et
265 1539 415 1618 principia
447 1538 559 1619 quibus
585 1540 615 1600 S.
642 1541 806 1600 i’oeniten·
860 1541 954 1617 baec,
977 1558 1012 1601 ea
1032 1540 1134 1602 solum
1158 1559 1237 1622 quae
1259 1540 1371 1621 publici
1394 1541 1468 1602 iuris

195 1640 284 1700 tinria
310 1639 452 1719 diripitur
474 1659 535 1702 nou
564 1641 707 1702 omnibus
736 1660 807 1720 per·
859 1638 925 1702 fieri
938 1641 1242 1720 permittenturecitu
1255 1642 1350 1713 utilia,
1363 1639 1400 1702 ad
1413 1659 1467 1720 ap·

197 1743 245 1801 viu
267 1742 345 1818 sint,
365 1742 509 1804 nonnulla
524 1760 560 1804 cn
576 1743 612 1803 iia
629 1743 803 1805 celeremus.
860 1741 996 1823 pendicis
1018 1744 1113 1804 iustar
1134 1745 1166 1805 iu
1188 1743 1362 1806 libellorum
1385 1743 1468 1805 calce

196 1843 317 1903 litcrrim
341 1844 371 1903 S.
395 1844 431 1905 P.
457 1860 518 1905 non
549 1850 665 1906 tantum
695 1844 805 1924 dirigi-
859 1861 1011 1922 exponere
1033 1851 1182 1923 quantum
1202 1843 1269 1907 fieri
1293 1843 1471 1926 poesitdili·

195 1949 247 2004 tur
289 1945 319 2004 in
344 1946 475 2010 neuutiie
495 1944 693 2025 expediendis
724 1948 808 2008 iuxta
858 1951 965 2024 genter
986 1944 1172 2008 curabimus.

195 2062 230 2107 ea
252 2062 332 2126 quue
352 2048 518 2108 constituta
542 2054 614 2109 suut
638 2048 668 2109 iu
694 2046 809 2113 celebri
929 2074 930 2077 ¹
