3282 5008
488 449 701 497 errarrensrs
726 450 763 496 rr
791 447 1107 496 aenrursuaartoms.
1371 423 1437 492 tue

158 572 239 628 rum
266 555 595 650 redintegrationem
621 555 780 648 attingit,
807 578 850 627 ex
874 567 974 648 parte
997 553 1152 626 eiusdem
1179 551 1339 646 Episcopi
1364 551 1438 621 ani-

160 661 458 747 madvertehatur,
485 683 637 734 errorem
655 683 675 732 a
693 659 878 752 Municipio
903 659 1110 742 admissum,
1135 659 1170 730 ia
1196 683 1234 732 ea
1260 656 1438 731 contribu-

160 765 260 837 tione
272 767 414 839 domino
426 767 557 839 directo
571 789 640 838 non
654 766 792 839 domino
807 764 885 835 utili
898 764 1136 847 adiudicanda,
1152 788 1194 837 ex
1207 787 1248 842 eo
1265 764 1435 842 evenisse,

160 871 251 964 quod
269 873 305 942 in
325 872 450 944 tabulis
467 871 689 945 censualibus
704 873 874 943 directum
892 869 1077 942 lloleadini
1093 870 1286 942 dominium
1300 870 1437 943 Mensae

160 977 354 1071 episcopali
378 979 549 1052 adiectum
574 978 763 1071 legebatur.
789 976 855 1062 Qui
881 988 998 1047 tamen
1023 999 1119 1048 error
1145 975 1308 1049 facillime
1337 977 1438 1046 dissi·

160 1083 320 1174 pabatur,
340 1083 369 1154 si
385 1106 570 1178 parumper
585 1083 700 1154 auimo
716 1083 974 1164 adverteretur,
993 1105 1036 1154 ex
1054 1083 1129 1156 iure
1145 1082 1319 1174 communi
1336 1082 1438 1152 intri-

158 1188 326 1260 butiones
343 1211 462 1260 omncs
484 1211 551 1260 non
569 1211 588 1259 a
604 1189 744 1260 domino
758 1189 906 1270 directo,
928 1189 988 1261 sed
1005 1189 1048 1259 ab
1065 1188 1300 1281 Empbyteuta
1317 1188 1433 1281 pensi-

166 1292 288 1363 tandas
316 1316 409 1377 esse,
433 1292 513 1385 Lep.
534 1296 553 1362 t
572 1291 653 1364 Cocl.
672 1291 713 1362 de
730 1290 827 1365 cens.
852 1291 932 1364 l'oet
948 1291 1022 1363 bib.
1044 1297 1063 1363 6
1086 1292 1150 1362 Tit.
1171 1293 1243 1363 3c.
1268 1295 1321 1360 tu.
1339 1289 1437 1378 Quae

162 1399 251 1469 iuris
275 1421 418 1471 censura
435 1411 510 1469 tum
528 1398 743 1471 solummodo
760 1399 944 1490 effugitur,
962 1423 1041 1470 cum
1058 1422 1101 1472 ex
1116 1411 1219 1492 pacto
1240 1397 1342 1468 aliter
1356 1420 1438 1468 cou-

162 1513 310 1572 ventum
335 1501 439 1573 inisse
464 1504 722 1596 comprobetur.
742 1504 895 1575 lamvero
920 1505 954 1575 in
973 1505 1125 1576 themate
1141 1503 1275 1574 nullum
1296 1501 1438 1573 omnino

167 1619 309 1700 pactum
335 1609 561 1681 intervenisse
586 1609 777 1702 putandum
803 1623 875 1680 erat
892 1633 935 1681 ex
953 1633 993 1682 ea
1013 1611 1164 1692 rutinae,
1183 1607 1274 1700 quod
1291 1606 1439 1699 scriptu·

165 1732 240 1781 ram
265 1712 461 1784 nullatenus
484 1711 677 1784 conlectam
702 1713 808 1785 fuisse
832 1714 1024 1785 constabat.

236 1809 388 1889 Subinde
404 1817 459 1888 lex
478 1840 539 1900 ea,
557 1840 645 1910 quae
658 1818 915 1912 Empbyteutae
941 1819 995 1890 ius
1019 1818 1224 1910 reliquerat,
1242 1827 1278 1886 ut
1302 1825 1437 1884 tantum

170 1919 214 1991 dc
238 1942 369 1994 cunone
392 1921 608 2006 detraheret,
633 1935 801 2014 quantum
825 1925 995 1996 cornmodi
1028 1923 1188 1996 dominus
1218 1921 1369 1992 directus
1393 1939 1438 1988 ex

161 2011 268 2096 lunda
293 2027 425 2098 censita
448 2026 615 2118 percipit,
641 2027 739 2098 iuxta
763 2029 969 2122 legislatoris
995 2042 1146 2101 mentem
1164 2029 1206 2100 ad
1224 2028 1360 2098 unicam
1385 2027 1438 2094 in-

159 2127 388 2202 trihutioaem
419 2131 663 2214 coercebatur,
690 2145 879 2224 quactum
912 2133 1041 2204 indicta
1076 2131 1186 2204 iuerat
1215 2131 1280 2202 sub
1305 2129 1437 2221 vulgari

159 2233 303 2304 nomiae
328 2233 467 2304 Dolicae
491 2233 605 2305 realis.
632 2235 801 2316 lamvero,
825 2239 974 2330 pretium
1000 2237 1044 2307 ab
1070 2237 1240 2330 Episcopo
1268 2235 1437 2305 anteactis

160 2337 262 2406 annis
287 2338 410 2408 iniuria
434 2340 661 2430 persolutum,
687 2364 756 2411 non
775 2365 817 2412 ex
836 2341 1067 2413 huiusmodia
1090 2341 1248 2434 Principe
1274 2341 1436 2432 imposito

164 2442 347 2532 vectigali,
380 2443 439 2513 sed
473 2466 516 2515 ex
550 2466 652 2516 onere
684 2467 746 2538 per
779 2446 1002 2538 Municipium
1037 2445 1202 2537 inscripto
1234 2444 1433 2527 derivabat,

162 2545 319 2639 adeoque
343 2569 409 2618 non
433 2546 632 2632 Camerale,
660 2562 699 2619 ut
724 2551 759 2620 in
784 2551 921 2622 Ditione
946 2551 1122 2644 pontificia
1146 2551 1354 2644 appellatur,
1373 2573 1434 2621 seu

162 2647 329 2739 liegium,
358 2663 396 2721 ut
421 2652 521 2736 alibi,
547 2653 606 2724 sed
631 2653 836 2746 Municipale
861 2669 996 2726 tantum
1022 2656 1216 2727 habendum
1240 2666 1330 2726 erat:
1349 2677 1436 2747 quo-

157 2756 254 2825 circa
277 2757 417 2848 quaevis
441 2758 604 2850 obligatio
628 2772 723 2832 ratae
747 2761 917 2832 commodi
943 2761 1171 2834 remittendae
1196 2760 1374 2832 exulabat.

233 2859 407 2931 immerito
431 2875 621 2956 praeterea,
641 2863 846 2935 subiiciebat
866 2866 1070 2957 Episcopus,
1089 2865 1350 2936 remindicatam
1373 2865 1433 2935 ob-

157 2963 276 3034 trudi:
303 2987 451 3058 uamque
476 2969 511 3038 in
535 2969 726 3051 sententia,
753 2992 832 3039 cum
858 2971 1020 3041 limitatio
1049 2971 1163 3042 addita
1189 2983 1241 3041 est
1266 2970 1308 3041 de
1339 2981 1436 3045 ratae

155 3069 331 3140 commodi
349 3070 562 3144 detractione
579 3073 621 3144 ab
642 3072 878 3165 Empbytenta
899 3076 1103 3167 peragenda,
1118 3075 1272 3145 clausula
1289 3077 1436 3148 accessit

159 3189 259 3266 prout
275 3189 305 3244 et
322 3191 485 3267 quatenns
501 3178 542 3248 de
558 3179 650 3258 iare,
670 3201 759 3271 quae
775 3180 964 3257 clausulae,
986 3181 1219 3252 conditionem
1245 3183 1435 3273 important

161 3301 206 3347 cx
232 3277 380 3348 Barbosa
405 3279 456 3350 De
481 3279 593 3352 Cleuas.
622 3284 687 3352 115
704 3306 737 3352 a.
764 3284 908 3355 liliata
932 3286 1043 3357 Deris.
1064 3290 1127 3358 341
1149 3311 1184 3356 a.
1203 3296 1223 3358 l
1239 3313 1275 3384 p.
1297 3294 1316 3359 5
1338 3289 1435 3366 Rea,

162 3383 321 3454 videlicet
333 3398 504 3476 quatenus
516 3386 580 3456 boc
594 3388 677 3480 ipsis
690 3389 934 3482 Empbytentis
951 3393 991 3462 ad
1010 3393 1093 3464 iuris
1110 3396 1286 3467 tramitem
1300 3417 1436 3487 compe·

158 3498 268 3558 teret.
288 3488 332 3556 At
350 3511 393 3560 ex
411 3489 572 3581 eis,quae
589 3492 690 3564 modo
707 3497 897 3586 posuimus,
909 3499 1020 3590 palam
1038 3512 1150 3571 estex
1169 3501 1242 3570 iure
1259 3501 1434 3571 communi

160 3615 270 3663 onera
294 3594 410 3664 omnia
434 3618 501 3666 non
528 3597 675 3669 Domino
700 3600 844 3683 directo,
863 3605 923 3674 sed
948 3604 1024 3674 utili
1050 3629 1126 3676 esse
1151 3604 1384 3675 adiudicanda.

233 3695 344 3788 Super
357 3698 442 3768 haec
468 3699 659 3795 Episcopus
676 3704 741 3775 alia
758 3706 922 3777 nonnulla
947 3708 1177 3800 praelibabat,
1204 3731 1292 3800 qnae
1309 3709 1434 3779 indicis

159 3797 396 3870 Ecclesiastici
414 3800 580 3878 finitimae
597 3807 771 3880 Dioecesis
784 3808 823 3878 B.
839 3812 1144 3905 incompetentiam
1162 3811 1432 3898 constituebaat3

159 3903 219 3973 scd
243 3926 283 3973 ea
308 3903 435 3976 referre
460 3929 581 3998 parum
606 3913 801 3985 interesset.

230 4007 387 4078 Dararsto
412 4034 680 4086 turtureumnun
714 4042 803 4090 croco
833 4043 947 4090 ratuuu
983 4024 1209 4094 nuatum-E
1243 4033 1340 4116 parte
1373 4020 1432 4091 di-

158 4133 257 4180 versa
283 4110 552 4207 Empbyteutae,
578 4119 740 4213 Episcopi
767 4126 1028 4215 exceptionibus
1052 4128 1237 4209 adversati,
1263 4149 1331 4198 non
1356 4125 1433 4196 inn-

156 4213 340 4284 ciabantur
371 4216 404 4286 in
434 4222 581 4312 primis,
606 4223 819 4317 Scripturam
852 4252 927 4300 esse
961 4241 1137 4322 tamquam
1169 4231 1432 4300 laudamentum

154 4328 356 4389 corttrectus
380 4324 647 4416 emphyteutici:
667 4342 703 4398 at
728 4351 807 4400 vero
832 4333 1092 4425 propugnabant
1116 4336 1336 4406 manifestum
1362 4355 1431 4404 non

154 4445 251 4504 esse,
269 4424 373 4517 quod,
399 4429 434 4496 in
459 4432 681 4505 concessione
698 4437 955 4530 emphyteutica
969 4439 1167 4517 lllolcndini,
1181 4441 1355 4536 Scriptura
1372 4443 1434 4512 de-
