3248 5004
156 585 1414 624 mm

156 617 1422 684 mmmmwmwmmwmomwom

547 1275 1017 1483 runcaturi

219 2121 311 2195 Cum
341 2123 432 2194 inter
462 2120 674 2214 multiplices
707 2120 944 2214 ephemerides
978 2143 1043 2191 una
1069 2120 1171 2215 plane
1198 2122 1311 2205 desit,
1336 2145 1424 2216 quac

147 2237 258 2310 latine
282 2251 425 2310 exarata
450 2238 665 2309 solummodo
698 2239 836 2310 insistat
868 2239 1058 2311 referendis
1090 2239 1223 2311 utiliter
1255 2241 1422 2313 ecclesiu-

147 2358 247 2428 sticis
276 2357 455 2428 Romanae
479 2355 578 2428 Sedis
602 2357 710 2439 actis,
740 2369 889 2451 quaeat
918 2357 1036 2430 referri
1065 2369 1196 2450 queant
1224 2369 1261 2428 et
1289 2359 1323 2427 in
1349 2357 1425 2451 plu·

149 2476 242 2545 dum
266 2475 457 2546 utilitatem
483 2475 624 2558 cedant,
650 2499 799 2569 cumque
823 2476 1019 2548 huiusmodi
1044 2499 1148 2569 opus,
1175 2475 1328 2547 consiliis
1354 2477 1426 2546 ini-

149 2593 217 2675 tis,
241 2594 390 2686 perutile
415 2615 491 2666 esse
515 2595 730 2679 noverimus3
750 2595 966 2668 conscribere
991 2595 1147 2666 arbitrati
1173 2617 1296 2666 sumus
1318 2592 1361 2664 ad
1386 2593 1427 2662 li-

148 2710 233 2783 belli
264 2711 410 2784 lormam
440 2713 530 2784 banc
562 2713 835 2807 ephemeridem,
858 2737 947 2807 quac
971 2715 1113 2807 quidem
1136 2715 1227 2785 haud
1252 2713 1363 2783 multa
1389 2725 1425 2783 et

149 2830 279 2916 otiosa,
293 2832 351 2902 sed
367 2832 456 2902 scitu
473 2831 687 2925 dignissima,
700 2855 743 2902 cx
756 2832 971 2924 sapientibus
984 2833 1203 2925 Apostolicae
1220 2831 1318 2903 Sedis
1339 2829 1426 2900 actis

149 2949 345 3030 contineat,
365 2963 401 3019 ct
417 2961 494 3021 acta
517 2951 756 3042 quaeratione
780 2951 946 3022 materiae
971 2952 1122 3044 implexa
1146 2952 1235 3032 sint,
1256 2951 1304 3020 ita
1328 2949 1420 3028 exhi·

148 3065 249 3149 beat,
268 3079 307 3137 ut
323 3069 511 3160 perexiguo
534 3067 651 3138 labore
672 3067 817 3159 intelligi
839 3069 972 3160 possint
989 3069 1032 3139 ab
1049 3068 1302 3140 Ecclesiasticis
1329 3067 1424 3150 viris,

150 3185 212 3276 qui
236 3185 413 3257 Ecclesiae
437 3186 640 3257 ministeriis
664 3185 800 3258 assidue
824 3197 962 3256 vacant.

222 3301 330 3374 Nemo
355 3305 448 3375 enim
474 3305 610 3397 ignorat
633 3306 692 3397 qui
712 3305 893 3398 ¹paulisper
917 3305 951 3374 in
977 3305 1131 3376 Romana
1156 3304 1259 3376 Curia
1285 3306 1331 3376 sit
1355 3327 1427 3374 ver

151 3433 266 3505 satus,
283 3445 327 3492 ex
344 3423 475 3515 ingenti
501 3425 720 3517 negotiorum
736 3424 826 3496 mole
843 3447 932 3517 quae
948 3425 1074 3517 iugiter
1090 3424 1221 3496 Romae
1238 3424 1428 3518 expediun-

151 3553 224 3622 tur,
242 3540 390 3634 plurima
406 3565 481 3615 csse
497 3565 585 3635 quac
603 3555 725 3636 utpote
749 3542 902 3614 fidelium
927 3542 1175 3614 conscientiam
1200 3541 1426 3634 attingentis,

152 3660 209 3731 vel
234 3660 311 3730 aliis
334 3683 377 3731 ex
402 3661 534 3744 causis,
561 3675 694 3734 secreta
718 3662 858 3732 omnino
882 3673 1025 3734 manent
1034 3684 1046 3745 3
1071 3662 1283 3754 proindeque
1307 3661 1428 3730 buius-

151 3779 246 3850 modi
270 3791 367 3861 acta,
394 3800 506 3872 neque
531 3781 691 3873 cognosci
715 3803 833 3874 posse,
860 3803 973 3873 neque
998 3779 1130 3853 referri.
1159 3779 1261 3850 Plura
1286 3780 1429 3872 insuper

152 3894 219 3965 alia
243 3896 362 3969 baberi
386 3919 474 3989 quae
498 3898 581 3970 licet
604 3898 734 3992 publici
760 3898 845 3969 fiant
861 3900 915 3971 vel
933 3899 1006 3971 ficri
1032 3901 1167 3992 possint
1191 3899 1293 3983 iuris3
1311 3909 1427 3970 tamen

152 4013 239 4083 siin
263 4014 483 4105 ephemeride
507 4017 695 4088 scientifica
716 4017 908 4088 cuiusmodi
933 4030 987 4088 cst
1011 4041 1192 4110 praesens,
1215 4040 1428 4110 exponeren-

152 4144 232 4214 tur,
259 4135 317 4203 rix
341 4133 530 4205 utilitatem
555 4135 707 4229 aliquam
731 4136 859 4230 legenti
888 4135 1062 4208 afferrent.
1089 4136 1230 4207 lllorum
1257 4137 1350 4208 enim
1376 4136 1428 4205 in-

152 4263 262 4324 terest
284 4253 371 4325 baec
387 4265 465 4323 acta
483 4276 643 4338 noscere,
662 4269 804 4348 propter
828 4277 916 4348 quos
941 4255 1162 4348 peculiariter
1181 4255 1426 4348 expediuntur.

154 4368 280 4440 Verum
296 4382 435 4464 practer
451 4373 554 4455 baec,
572 4373 745 4446 habentur
763 4385 799 4446 et
815 4375 902 4457 alia,
921 4396 1009 4467 quae
1026 4375 1108 4446 dum
1134 4373 1328 4467 sapientem
1344 4372 1428 4443 San-

150 4499 228 4568 ctae
244 4489 345 4564 Sedis
360 4490 496 4585 praxim
512 4505 782 4579 commostraut,
802 4494 920 4584 vigens
938 4492 1112 4564 Ecclesiae
1129 4493 1183 4564 ius
1203 4490 1428 4562 manifestant
