3282 5008
740 417 888 466 artenott
906 417 947 461 rr.
1415 395 1478 460 rra

201 534 397 620 sperasquerit,
421 531 458 592 ita
484 539 517 593 ut
541 527 664 590 firmiter
685 527 820 602 cogitent
868 521 1005 585 hahetur:
1032 517 1332 584 «Ususlruetussine
1352 536 1476 600 persona

202 635 416 700 contrahentes
452 631 488 692 de
511 628 692 706 obligatione
723 627 819 690 indu·
871 627 987 705 r(quoe
1008 624 1111 684 idoneo
1131 623 1171 684 sit
1193 643 1229 684 ec·
1251 622 1316 682 iure
1337 619 1376 680 ud
1405 641 1476 680 uru-

206 737 320 808 cenda,
344 752 400 819 qua
423 732 550 818 quilibet
571 749 696 803 eorum,
725 729 818 790 altero
870 749 884 784 r
900 724 1066 806 fruendum)
1101 745 1164 787 esse
1203 744 1263 785 oon
1302 730 1411 804 potest:
1446 730 1478 782 et

207 842 314 914 invito,
337 837 486 912 resilires
511 835 568 896 lide
590 833 656 894 data
677 853 736 894 non
753 852 819 914 pos-
870 826 969 887 rideo
991 845 1090 888 seruus
1104 824 1319 887 haereditarius
1333 821 1478 886 inutiliter

206 942 256 1012 sit,
281 941 338 1002 sire
353 937 516 1010 ante,sire
532 945 599 1018 post
614 933 817 997 conditionem
870 926 1121 990 »usumfructum
1160 925 1330 1009 stipulatur.
1371 926 1476 1002 Legati

206 1043 370 1124 impletam,
387 1039 534 1123 sponsalia
549 1037 816 1101 nonsustinentur.
871 1038 1002 1092 »autern
1026 1030 1053 1091 ei
1080 1049 1166 1112 posse
1189 1027 1406 1090 usumfructum
1431 1026 1477 1088 di-

268 1143 354 1206 Ratio
375 1152 421 1204 est
442 1145 513 1225 quia
537 1139 576 1201 illi
600 1140 651 1223 qui
674 1147 744 1202 suot
772 1137 816 1199 in·

206 1245 318 1307 habiles
340 1244 403 1306 iura
426 1243 462 1304 ad
486 1241 721 1304 contrahendum
745 1261 816 1302 ma-

201 1345 401 1416 trimonium,
426 1352 585 1404 censentur
606 1343 695 1405 etiarn
730 1341 815 1402 inha-

205 1445 280 1507 biles
302 1445 339 1506 ad
361 1443 563 1506 contrahenda
586 1441 746 1524 sponsalia.
770 1443 813 1503 si-

203 1567 237 1606 re
259 1544 394 1607 absolute
416 1541 476 1603 sire
505 1541 707 1602 conditionate
741 1539 813 1600 haec

200 1647 403 1708 celebrentur.
429 1641 514 1718 Quae
536 1642 657 1727 quidem
674 1640 812 1703 inhabili·

201 1760 246 1810 tas
268 1748 303 1810 ad
340 1745 559 1808 matrimonium
584 1765 644 1807 non
678 1744 813 1806 consistit

200 1857 321 1910 tanturn
346 1847 374 1909 in
397 1847 523 1930 simplici
546 1845 663 1907 delectu
691 1844 811 1908 laculte·

200 1951 252 2020 tis,
267 1949 317 2010 sed
332 1949 360 2010 in
379 1947 580 2030 prohibitione
596 1945 671 2007 iacta
694 1956 811 2008 contra·

201 2049 293 2111 hendi
316 2070 351 2111 ex
373 2069 431 2132 qua
455 2049 502 2110 illa
520 2047 613 2111 oritur
629 2046 809 2110 inhabilitas.

198 2147 232 2209 Si
256 2159 354 2212 autem
377 2149 548 2231 sponsalia,
574 2147 642 2209 licet
662 2149 718 2210 suh
740 2169 812 2210 con·

203 2247 316 2310 ditione
339 2250 498 2322 celebrata,
518 2249 659 2324 valerent,
677 2259 749 2312 tunc
766 2249 810 2311 iu·

200 2348 315 2429 ciperet
336 2351 490 2428 obligatio,
514 2369 582 2411 cum
599 2349 671 2412 haec
693 2361 810 2412 contra·

199 2453 323 2516 huntur.
341 2457 482 2535 Apposita
506 2451 585 2514 enim
608 2453 742 2514 conditio
766 2453 810 2514 ni-

197 2552 239 2613 hil
262 2553 341 2616 aliud
363 2553 520 2629 adiungit,
545 2573 632 2636 quarn
667 2555 811 2636 temporis

194 2654 478 2717 determinationem
489 2653 527 2716 ah
539 2664 645 2718 eventu
658 2655 809 2736 dispensa·

194 2757 289 2816 tionis
305 2755 538 2838 dependentem,
548 2776 605 2839 qua
618 2755 807 2834 adveniente,

196 2855 324 2939 quisque
340 2857 465 2918 altarum
477 2877 582 2935 eogere
596 2857 688 2939 possit
701 2857 737 2919 ad
755 2880 809 2922 no·

199 2957 272 3037 ptias
289 2957 434 3020 ineundas
448 2959 471 3020 si
488 2958 685 3034 reluctarerit3
702 2969 732 3020 et
751 2959 807 3023 hoc

198 3078 259 3119 non
283 3079 319 3120 ex
343 3058 369 3122 vi
393 3058 622 3140 dispensationis
652 3058 806 3133 obtentae,

193 3161 247 3220 sad
270 3182 306 3222 ex
323 3161 348 3224 ri
368 3159 568 3241 promissionis
589 3169 676 3224 antea
700 3161 805 3224 lactae.

198 3259 290 3322 Radix
314 3263 414 3342 itaque
437 3262 529 3324 totius
551 3261 740 3338 obligationis
763 3284 809 3325 re·

196 3362 323 3438 petenda
341 3370 418 3423 essm
433 3383 470 3424 cr
486 3371 696 3446 temporeque
718 3384 807 3445 spon·

195 3463 278 3540 salia,
297 3462 365 3523 licet
387 3461 602 3535 conditionata,
628 3464 700 3525 inita
723 3474 804 3528 sunt.

259 3565 350 3645 arqui
364 3572 499 3646 tempore
515 3583 575 3647 quo
596 3565 807 3628 contrahentes

869 1129 987 1202 scitur,
1012 1131 1080 1214 quia
1105 1130 1167 1192 dies
1190 1150 1249 1192 non
1266 1129 1345 1191 cedit
1360 1129 1473 1200 statim;

869 1232 1052 1313 »stipulatio
1085 1242 1185 1294 autem
1224 1250 1294 1313 pura
1332 1227 1473 1311 suspendi

867 1353 959 1395 cnon
995 1342 1104 1415 potest.
1144 1330 1225 1407 Ouid
1260 1353 1327 1412 erpo
1362 1333 1390 1393 si
1423 1330 1474 1392 suh

866 1456 879 1490 n
897 1433 1063 1496 conditione
1083 1433 1264 1518 stipuletur?
1277 1433 1338 1496 Nec
1354 1433 1409 1496 hoc
1425 1454 1476 1495 ca-

865 1555 929 1598 ssu
953 1535 1030 1598 valet
1050 1535 1215 1617 stipulatio:
1238 1537 1311 1618 quio
1331 1557 1368 1598 ee·
1387 1557 1475 1618 pree·

864 1659 877 1694 n
892 1639 969 1700 senti
979 1637 1055 1700 cires
1065 1638 1176 1721 occipit
1189 1637 1359 1721 stipulatio,
1372 1659 1474 1721 quom·

863 1741 939 1801 »cr‘s
958 1741 1064 1821 petitio
1085 1761 1123 1801 ec·
1143 1761 1176 1801 eo
1195 1761 1328 1824 suspenso
1348 1742 1429 1804 sita

921 1839 1045 1902 secedit
1072 1841 1214 1902 etaltera
1237 1861 1366 1918 congrua
1398 1847 1474 1906 ratio

859 1962 895 2002 ex
919 1941 981 2003 iura
1005 1942 1123 2024 publico
1139 1943 1242 2025 petita.
1258 1946 1394 2026 Namque
1419 1946 1473 2006 etsi

860 2043 1032 2105 indecorum
1050 2053 1171 2106 nonest
1189 2063 1301 2125 ponere
1321 2054 1472 2128 tamquam

859 2143 1063 2206 conditionem
1083 2146 1208 2208 alicuius
1224 2147 1391 2208 communis
1412 2148 1473 2228 pia·

858 2244 908 2308 citi
932 2245 1094 2322 largitatem
1110 2245 1255 2327 Principis
1277 2246 1332 2322 legi
1356 2253 1474 2310 unirer·

857 2347 909 2408 sali
933 2347 1054 2410 fortasse
1088 2348 1255 2425 derogaturi
1287 2351 1316 2412 in
1351 2352 1472 2428 gratiam

859 2449 1085 2530 postulantium:
1110 2459 1197 2531 turpe
1220 2460 1319 2513 tamen
1351 2472 1414 2514 esse
1434 2456 1474 2517 ri·

857 2553 945 2615 detur
959 2571 1058 2614 coram
1084 2551 1203 2633 puhlico
1225 2553 1301 2628 iure,
1318 2573 1356 2616 eo
1379 2576 1473 2640 usque

857 2653 914 2716 rim
938 2652 1040 2734 privati
1068 2653 1165 2734 placiti
1190 2672 1303 2730 urgere,
1330 2666 1363 2718 ut
1388 2658 1472 2720 dero·

856 2755 934 2831 gotio
957 2754 1028 2830 legis
1054 2757 1180 2830 gratiose
1208 2756 1331 2818 obtenta
1369 2760 1475 2822 eradat

855 2855 991 2917 odiosum
1014 2855 1177 2916 coactionis
1206 2857 1337 2919 medium
1371 2871 1472 2921 contro

856 2956 983 3020 lavarem
1006 2957 1230 3039 praeexistentis
1256 2958 1326 3034 legis
1349 2969 1379 3020 et
1401 2981 1473 3022 eon·

856 3065 898 3119 tra
923 3057 1014 3140 ipsam
1033 3057 1179 3140 Principis
1201 3059 1398 3135 uoluntatem,
1419 3062 1470 3143 qui

857 3160 975 3222 nonnisi
1009 3161 1038 3222 in
1073 3160 1193 3237 gratiam
1224 3161 1385 3224 volentium
1415 3163 1471 3238 legi

856 3260 1015 3337 derogarit,
1032 3260 1104 3343 quin
1123 3260 1261 3341 probaret
1284 3261 1365 3343 quod
1384 3273 1471 3325 antea

856 3360 935 3424 inter
958 3382 1009 3423 eos
1031 3369 1145 3437 gestum
1169 3370 1256 3424 esset.

919 3462 1020 3538 Quare
1044 3482 1103 3525 non
1129 3464 1278 3526 immerito
1301 3464 1390 3528 huius
1413 3487 1472 3543 gc-

856 3567 935 3626 ncris
971 3565 1158 3627 conditiones
1198 3565 1228 3628 io
1266 3567 1470 3629 contractibus

190 3661 342 3742 sponsalia
375 3663 519 3741 inierunt,
543 3674 628 3726 erant
660 3665 807 3730 inhabiles
853 3665 997 3746 appositis
1018 3674 1168 3747 tamquam
1198 3665 1386 3728 conditiones
1409 3671 1473 3729 im-

193 3775 224 3824 ct
248 3762 381 3826 inidonei
412 3763 452 3826 oh
486 3765 733 3847 impedimentum
768 3771 805 3831 ad
855 3767 1008 3847 possibiles
1030 3766 1232 3829 consideratae
1261 3767 1382 3829 suntin
1415 3790 1472 3831 re-

189 3863 443 3928 contrahendum.
469 3866 615 3928 Vitiosum
639 3879 684 3930 est
706 3870 804 3953 itaque
853 3869 907 3929 teri
930 3869 1005 3932 cirili
1030 3868 1092 3932 iure
1116 3878 1149 3931 ut
1171 3890 1219 3930 er.
1236 3887 1280 3946 gr.
1305 3870 1335 3930 ia
1359 3868 1382 3931 l.
1410 3871 1471 3933 137

191 3963 384 4040 obligationis
406 3965 538 4038 initium,
557 3966 684 4051 ideoque
704 3970 804 4032 conci·
851 3972 889 4054 ss.
914 3975 945 4047 ἓ.
970 3971 989 4034 6
1010 3974 1045 4031 de
1072 3971 1223 4032 uerborum
1255 3968 1347 4051 oblip.
1375 3995 1388 4031 u
1413 3972 1469 4036 Ubi

191 4067 245 4128 dat
268 4087 387 4130 necesse
411 4078 456 4130 est
478 4069 631 4146 obligatio.
856 4073 1011 4136 »oramina
1034 4073 1167 4135 conditio
1184 4073 1248 4134 iure
1269 4072 1385 4154 impleri
1409 4095 1469 4136 non

257 4167 338 4231 llaec
362 4169 498 4234 illustrari
523 4181 643 4254 possent
666 4172 800 4248 ulterius,
854 4184 1003 4257 »potest,
1028 4174 1071 4236 rel
1107 4173 1135 4235 id
1166 4172 1261 4236 lacere
1284 4173 1312 4235 ei
1345 4195 1405 4236 non
1437 4175 1471 4236 li·

192 4291 230 4331 er
253 4271 368 4351 placitis
389 4271 461 4336 iuris
483 4273 806 4349 Romanorum3suffi-
857 4286 965 4344 accat.
991 4276 1100 4338 nullius
1135 4275 1277 4337 momenti
1316 4274 1378 4337 lore
1418 4277 1470 4337 sti·

189 4373 253 4432 ciat
276 4372 329 4434 hac
347 4373 376 4433 in
399 4392 430 4434 re
448 4373 577 4436 indicare
594 4375 687 4451 legem
704 4377 746 4440 26
765 4379 803 4461 ff.
858 4401 871 4434 n
892 4378 1087 4459 palationem,
1104 4375 1223 4460 perinde
1245 4399 1280 4440 oe
1299 4379 1328 4440 si
1349 4400 1382 4440 eo
1403 4399 1471 4439 eon-

187 4471 226 4532 dc
246 4471 439 4556 stipulatione
459 4495 571 4536 amuor.
596 4476 629 4537 ln
653 4495 687 4538 ea
719 4497 806 4559 porro
859 4479 965 4542 rdr'tr'o
987 4501 1059 4562 quoe
1081 4492 1190 4542 nature
1213 4479 1402 4564 impossibilis
1431 4493 1470 4544 est
