3282 5008
653 447 787 496 aanrrrrr
804 446 963 495 cuoaatrs.
1377 423 1439 494 111

172 567 326 626 testante
343 553 477 628 Vicario
505 551 688 648 capitulari
712 549 878 620 rationem
894 549 1104 644 infir-initalia
1123 548 1325 643 recopnitam
1340 550 1448 646 [uisae

169 657 357 755 lepitimam
379 682 422 730 ex
438 659 561 730 medici
576 657 655 751 fide.

245 765 331 838 ltem
354 766 408 838 de
425 764 520 835 nulla
544 761 754 854 negligentia
779 761 814 832 in
839 761 967 832 eborali
991 760 1133 831 servitio
1158 759 1367 832 incusandus
1398 762 1445 831 vi·

173 871 319 942 debatur
334 895 353 943 a
369 873 426 945 die
442 875 463 942 b
481 868 696 962 Septembris
721 871 823 950 1857,
842 866 883 938 ad
901 868 941 938 31
962 867 1042 938 blaii
1062 868 1164 948 1860,
1182 887 1251 958 quo
1267 867 1449 939 coadiutor-

174 975 281 1070 ipsius
307 979 490 1052 tenebatur
513 977 557 1046 ad
582 975 677 1046 chori
701 974 895 1050 servitium.

244 1086 372 1158 Verum
396 1107 415 1156 a
440 1084 496 1156 die
521 1082 692 1176 assumpti
717 1081 912 1152 Decanatus
935 1103 1003 1174 qua
1027 1080 1234 1153 Coadiutore
1258 1080 1293 1150 in
1318 1080 1446 1152 cborali

172 1191 314 1262 servitio
339 1191 472 1266 caruit.
499 1211 568 1260 non
592 1187 801 1260 videbantur
821 1187 941 1260 adesse
957 1185 1112 1259 eiusdem
1127 1186 1254 1258 valoris
1269 1187 1447 1260 absentiae

174 1310 357 1391 causaest
382 1295 635 1369 exeusationes.
669 1292 809 1364 Nullum
843 1293 937 1364 enim
969 1293 1178 1366 afferebatur
1200 1292 1447 1364 documentum

173 1403 264 1497 quod
289 1402 392 1474 fldem
418 1400 547 1471 laceret
570 1399 613 1471 de
637 1400 751 1492 gravis
783 1399 969 1471 existentia
992 1399 1130 1485 morbi,
1157 1399 1227 1471 imo
1252 1399 1287 1469 in
1311 1411 1450 1471 contra-

175 1509 264 1578 rium
299 1507 517 1578 habebantur
548 1505 664 1598 gravia
695 1506 820 1577 indicia
853 1528 959 1599 quae,
990 1507 1042 1577 sin
1074 1507 1190 1578 minus
1223 1507 1445 1579 ¹existentiam

173 1614 320 1685 alicuius
352 1611 565 1684 infirmitatis
596 1612 850 1695 excluderent,
879 1611 1001 1685 saltem
1026 1612 1233 1684 videbantur
1264 1612 1448 1685 excludere

176 1721 285 1812 ipsius
302 1719 507 1811 gravitatem
555 1730 591 1789 et
615 1718 892 1789 diuturnitatem.

245 1827 313 1906 At,
339 1823 633 1916 subiungebatur,
659 1823 865 1895 beneficium
889 1823 991 1896 datur
1020 1838 1162 1918 propter
1186 1823 1338 1896 officium
1372 1845 1444 1918 cap.

172 1929 237 2000 ult.
258 1931 300 2001 de
316 1930 469 2024 rescript.
487 1931 524 1999 111
546 1934 579 2010 6,
598 1940 635 2001 et
659 1929 736 2002 ideo
760 1951 880 2002 omnes
904 1929 1068 2002 Canonici
1094 1943 1261 2004 tenentur
1287 1931 1330 2002 ad
1354 1928 1449 2000 chori

174 2037 358 2106 servitium
384 2058 457 2130 cap.
471 2056 530 2103 aa.
545 2033 587 2104 de
603 2031 716 2106 cleric.
730 2058 796 2107 aaa
813 2036 971 2108 resideat.
990 2039 1060 2107 1116
1080 2037 1180 2110 Coae.
1202 2035 1295 2106 l'rid.
1310 2059 1389 2107 sesa.
1405 2040 1449 2106 tt

174 2163 250 2234 cap.
274 2144 314 2209 11
332 2140 373 2210 de
390 2139 539 2234 Reform.
558 2140 621 2212 Cui
644 2141 846 2234 obligationi
871 2143 899 2214 si
924 2143 1048 2215 Clerici
1074 2165 1141 2213 non
1168 2142 1394 2223 satisfaciant,
1411 2155 1451 2211 ut

174 2247 205 2316 si
222 2247 327 2317 choro
344 2247 530 2338 psallentes
547 2269 613 2318 non
631 2247 764 2332 adsint,
784 2249 852 2330 vel,
870 2249 960 2341 quod
979 2250 1090 2319 maius
1107 2260 1174 2330 est,
1192 2249 1220 2316 si
1238 2248 1272 2316 in
1289 2246 1367 2318 loco
1382 2269 1449 2318 non

177 2351 369 2435 resideant,
392 2355 512 2446 poenis
535 2354 725 2424 mulctandi
751 2366 833 2424 sunt
857 2377 921 2444 per
943 2353 1066 2423 Sacros
1082 2351 1241 2424 Canones
1258 2353 1399 2422 statutis
1416 2353 1450 2422 in

176 2458 376 2529 eorumdem
402 2460 615 2543 socordiam,
643 2471 678 2531 et
703 2458 942 2550 pervicaciam.
969 2457 1100 2550 Nempe
1124 2471 1264 2550 praeter
1287 2456 1452 2528 distribu-

176 2564 311 2634 tionum
336 2565 576 2646 amissionem,
596 2565 709 2657 primo
733 2585 824 2634 anna
849 2563 1036 2656 privandus
1053 2577 1119 2646 est,
1138 2565 1377 2658 unusquisque
1394 2564 1451 2634 ab·

176 2693 256 2742 sens
269 2671 357 2743 ultra
371 2684 443 2744 tres
454 2693 605 2751 menses,
620 2671 759 2741 dimidia
778 2683 875 2762 parte
893 2671 1083 2752 fructuum,
1095 2693 1181 2764 quos
1194 2672 1329 2744 ratione
1342 2671 1449 2742 etiam

176 2776 393 2870 praebendae
424 2799 465 2848 ac
497 2776 703 2846 residentiae
736 2775 817 2846 lecit
846 2798 926 2846 suos
942 2799 954 2861 3
983 2776 1075 2869 quod
1108 2776 1136 2846 si
1171 2777 1298 2850 iterum
1332 2776 1450 2848 eadem

176 2883 281 2956 luerit
299 2907 382 2954 usus
407 2881 628 2975 negligentia,
656 2882 841 2973 privandus
858 2895 912 2954 est
927 2883 1089 2954 omnibus
1106 2883 1278 2956 fructibus
1295 2883 1451 2956 eiusdem

174 2991 277 3060 anni:
304 3001 482 3060 crescente
507 3010 588 3058 vero
612 2987 841 3071 contumacia,
861 3002 1058 3062 contraeas
1083 2991 1179 3062 iuxta
1196 2989 1451 3061 §scamnum

177 3093 447 3165 constitutiones
471 3093 610 3184 procedi
635 3093 752 3177 debet,
768 3091 868 3166 Coaa.
891 3094 984 3165 Trid.
1011 3093 1074 3165 loc.
1102 3096 1159 3165 cit.
1186 3095 1235 3165 ita
1260 3108 1300 3164 ut
1325 3093 1453 3185 privari

179 3200 291 3294 possit
329 3211 365 3270 et
382 3197 506 3269 debeat
532 3199 605 3290 ipso
630 3197 809 3281 benedcio,
829 3223 890 3272 seu
915 3201 1122 3294 praebenda.
1146 3199 1275 3270 Giraldi
1301 3199 1337 3268 ia
1358 3213 1450 3293 part.

171 3330 231 3401 pr.
249 3303 307 3376 tt.
327 3307 348 3376 3
366 3302 672 3399 Decretaladcap.
695 3309 749 3375 11.
768 3305 859 3378 llaec
876 3318 996 3378 contra
1021 3329 1080 3378 eos
1104 3307 1163 3399 qui
1189 3327 1256 3377 non
1283 3304 1448 3375 resident.

248 3413 307 3493 At,
323 3409 547 3490 subdebatur,
562 3433 640 3479 cum
655 3407 800 3481 residere
814 3411 847 3480 in
862 3412 925 3482 hac
942 3411 1099 3494 materia,
1115 3423 1153 3480 ut
1165 3422 1262 3481 notat
1272 3409 1453 3503 Fagnanus

173 3517 214 3584 ia
233 3537 306 3609 cop.
326 3513 470 3585 relatam
488 3520 508 3582 t
526 3526 551 3582 1.
571 3514 612 3584 dc
630 3512 751 3585 Cierio.
770 3537 836 3586 aaa
857 3515 959 3586 resid.
978 3531 1009 3584 et
1034 3538 1107 3609 cap.
1127 3512 1202 3584 licet
1227 3537 1321 3585 nam.
1342 3517 1386 3585 23
1411 3513 1453 3583 de

172 3618 357 3715 praebend.
376 3619 462 3691 nibil
479 3619 570 3690 aliud
587 3621 633 3690 sit
648 3641 752 3711 quam
768 3620 941 3694 deservire
958 3622 991 3690 in
1009 3620 1130 3692 officiis
1146 3621 1283 3704 divinis,
1303 3633 1338 3695 et
1355 3621 1452 3690 iuxta

180 3723 357 3796 lleill'enst.
383 3744 464 3796 cum
488 3726 660 3795 communi
686 3721 744 3793 tit.
764 3727 785 3797 3
803 3727 855 3795 tit.
877 3734 1009 3796 11111111.
1034 3731 1045 3795 1
1069 3728 1098 3796 is
1115 3727 1251 3797 dicatur
1275 3727 1450 3806 residere,

177 3829 237 3920 qui
263 3828 370 3901 lerme
395 3829 558 3900 continue
582 3844 815 3901 commoratur
839 3832 874 3899 in
900 3830 974 3902 loco
999 3831 1156 3902 beoellcii
1182 3834 1249 3916 sui,
1276 3857 1378 3904 causa
1403 3832 1454 3902 ol-

179 3933 247 4003 licii
266 3956 326 4004 seu
344 3931 477 4006 servitii
494 3933 718 4006 ecclesiastici
736 3932 962 4026 personaliter
978 3937 1192 4028 praestandi3
1205 3938 1349 4021 bine,ut
1362 3939 1452 4009 idem

176 4038 285 4109 tradit
309 4038 489 4112 Reiffenst.
515 4037 576 4109 loc.
602 4042 660 4111 cit.
688 4063 723 4110 n.
750 4043 788 4123 3,
816 4041 843 4112 si
870 4040 1025 4113 Clericus
1053 4044 1281 4134 personaliter
1313 4045 1452 4136 quidem

175 4143 307 4215 existat
331 4143 365 4213 in
390 4143 467 4216 loeo
494 4142 675 4226 beneficii,
695 4145 753 4214 sed
771 4145 923 4216 ollicium
949 4168 1049 4216 suum
1076 4167 1252 4239 nunquam
1278 4161 1451 4240 praestet,

180 4248 234 4318 rel
260 4271 326 4319 non
352 4260 514 4320 censetur
538 4249 710 4330 residere,
739 4249 805 4331 vel,
831 4270 910 4320 cum
929 4247 1078 4320 Barbosa
1096 4251 1140 4318 ad
1156 4251 1295 4322 Rubrio.
1310 4251 1452 4326 deCler.

174 4376 244 4423 nou
259 4353 362 4424 reaid.
380 4378 415 4423 rr.
436 4358 471 4436 8,
489 4353 687 4424 huiusmodi
706 4351 900 4425 Canonirus
916 4355 1090 4425 diceretur
1106 4357 1255 4430 residere
1272 4357 1456 4430 dumtaxat

175 4457 401 4532 materialiter
424 4482 492 4534 non
519 4457 733 4554 formaliter,
763 4483 842 4531 cum
873 4481 940 4532 non
972 4472 1111 4532 maneat
1135 4463 1171 4532 in
1199 4462 1274 4537 loco
1295 4465 1456 4538 beneficii
