3282 5008
460 436 554 482 SUPER
582 436 767 483 necterent.
782 436 883 484 ctrtt.
905 436 941 482 tc
958 433 1136 483 Nolllb'dl'lln
1364 406 1428 477 ΝΒ

223 533 277 606 Ex
303 558 341 604 ns
366 559 446 615 onas
473 559 623 606 exrosrrs
650 559 728 606 surr
755 557 920 606 cortices:

227 641 251 712 Ι.
281 641 332 712 Ad
357 665 513 714 normam
540 644 676 716 Decreti
710 643 838 735 Synodi
867 643 1040 714 Romanae
1073 641 1153 712 anni
1183 641 1292 720 t7tt,
1319 635 1372 705 tit.
1407 635 1428 703 2

154 770 228 842 cup.
256 755 277 818 d
303 763 335 819 et
361 753 380 819 b
406 749 540 842 singula
563 749 820 822 cathedralium
846 763 882 821 ct
898 747 1166 840 Collegiatarum
1190 741 1350 837 Capitula
1374 763 1430 833 pe·

154 856 302 929 culiares
326 880 406 928 suas
429 855 707 928 Constitutiones
735 856 882 928 condere
907 869 942 928 et
966 854 1147 926 Ordinario
1179 846 1430 924 confirmandas

155 975 415 1054 repraesentare
436 961 559 1032 teneri.

227 1070 268 1139 tt.
294 1069 541 1140 solemnitates
577 1092 596 1140 a
628 1070 703 1141 iure
735 1069 901 1140 canonico
937 1067 973 1137 iu
1006 1065 1236 1138 electionibus
1271 1071 1431 1132 accurate

154 1174 361 1265 peragendis
385 1174 623 1267 praestitutas,
649 1172 763 1243 locum
788 1173 853 1242 sibi
881 1172 1054 1243 vindicare
1079 1172 1114 1240 in
1139 1168 1305 1261 eligendis
1328 1167 1432 1237 Prae·

154 1277 236 1349 latis
260 1279 333 1352 sive
357 1280 604 1360 saecularibus,
630 1280 702 1350 sive
726 1278 953 1370 regularibus.

226 1383 284 1452 lll.
312 1382 521 1454 Earumdem
558 1395 674 1453 autem
707 1384 864 1453 omnium
888 1381 1144 1455 observantiam
1182 1403 1250 1451 nou
1276 1379 1366 1472 exigi
1395 1379 1430 1448 in

156 1487 200 1558 iis
225 1488 454 1560 electionibus
470 1489 505 1557 iu
522 1488 649 1580 quibus
664 1487 708 1560 de
723 1486 906 1560 beneficiis
921 1488 1115 1560 minoribus
1131 1488 1263 1580 agitur,
1280 1486 1431 1557 maxime

156 1593 187 1661 si
211 1614 251 1663 ea
275 1593 446 1685 simplicia
470 1593 552 1664 sint.

229 1699 284 1770 ll'.
310 1698 495 1772 Observari
522 1713 638 1772 tamen
663 1702 789 1774 debere
814 1724 873 1772 eas
897 1702 1126 1784 conditiones,
1141 1723 1230 1794 quac
1256 1700 1363 1774 veluti
1387 1722 1430 1771 es

156 1803 207 1871 rei
232 1815 356 1875 natura
381 1805 569 1899 profluunt,
596 1827 752 1898 quaeque
777 1807 984 1897 cuicumque
1009 1806 1171 1878 electioni
1196 1830 1215 1876 a
1239 1817 1335 1877 certo
1359 1827 1433 1896 per·

155 1929 319 1980 sonarum
344 1911 489 2002 collegio
513 1911 728 2002 peragendae
754 1933 816 2003 per
839 1933 882 1985 se¹
901 1911 1096 1983 inhaerent.

227 2017 267 2089 V.
296 2018 390 2090 luter
414 2019 612 2090 huiusmodi
637 2019 854 2091 conditiones
879 2017 1109 2091 observandas
1133 2039 1210 2089 eam
1235 2016 1431 2101 recenseri,

155 2136 197 2194 ut
221 2125 384 2195 nimirum
412 2125 545 2198 Electio
569 2123 787 2220 collegioliter
811 2125 1022 2218 perficiatur.

228 2231 282 2302 vt.
311 2231 428 2324 Neque
452 2232 569 2302 minus
594 2233 738 2305 alteram
764 2234 938 2304 numerari
965 2246 1004 2303 ut
1028 2231 1144 2302 nullus
1169 2229 1300 2303 scilicet
1317 2253 1360 2302 ex
1377 2229 1433 2301 eli·

156 2336 320 2428 gentibus
345 2349 601 2419 contemnatur,
620 2337 709 2408 idest
725 2336 928 2409 excludatur
952 2337 1025 2408 sive
1049 2336 1179 2407 directe
1204 2335 1277 2406 sive
1300 2333 1434 2405 indire-

157 2453 213 2512 cte
237 2462 258 2510 a
281 2440 444 2534 suffragio
469 2440 624 2512 serendo.

230 2548 301 2622 Vll·
330 2549 383 2620 Ex
413 2563 617 2643 contemptu
652 2564 767 2622 tamen
797 2549 943 2621 alicuius
974 2548 1016 2619 de
1050 2545 1181 2639 gremio
1205 2545 1431 2637 eligentium,

158 2655 363 2729 electionem
389 2681 432 2729 ex
459 2680 535 2729 sese
560 2658 692 2728 irritam
719 2680 787 2729 non
813 2681 902 2740 csse,
929 2657 988 2728 sed
1014 2678 1091 2728 eam
1115 2655 1288 2726 sententia
1311 2653 1435 2723 iudicis

159 2761 288 2835 irritari
313 2763 439 2837 debere
466 2767 513 2855 (l)
550 2765 580 2834 si
606 2765 663 2836 ille
689 2765 749 2858 qui
774 2765 943 2835 inhibitus
968 2765 1092 2834 iniuria
1116 2761 1183 2833 luit
1208 2762 1251 2833 de
1275 2760 1435 2834 nullitate

160 2880 251 2962 agat.

231 2975 318 3046 Vlll.
343 2973 458 3062 Quare
486 2996 567 3045 cum
590 2976 689 3046 irrita
715 2975 795 3047 talis
820 2975 944 3049 electio
968 3000 1012 3049 ex
1041 2999 1116 3048 sese
1140 2976 1302 3057 nonsit,
1329 2973 1357 3044 si
1378 2969 1436 3041 ille

161 3082 315 3152 animum
341 3102 442 3150 suum
466 3079 514 3150 ita
538 3080 776 3164 declaraverit,
794 3094 833 3151 ut
850 3081 1016 3175 implicite
1036 3081 1091 3154 vel
1117 3081 1280 3174 explicite
1297 3076 1437 3151 electio·

162 3209 243 3260 nem
268 3211 330 3259 scu
354 3187 654 3268 nominationem,
684 3189 797 3280 ipsum
824 3189 1063 3281 recognovisse
1087 3200 1246 3271 constet,
1281 3208 1350 3258 uon
1383 3196 1437 3256 est

162 3293 311 3386 amplius
336 3291 528 3363 audiendus
549 3293 578 3361 si
599 3291 779 3363 electionis
804 3293 1016 3364 validitatem
1039 3293 1231 3385 impugnet.

214 3505 249 3567 tt)
266 3503 364 3570 Magna
379 3497 523 3554 intercedit
537 3497 690 3554 differentia
705 3500 774 3554 iuter
826 3501 947 3555 stitisset.
965 3503 1003 3554 Ex
1016 3501 1066 3554 ltac
1076 3499 1260 3555 observatione
1273 3498 1326 3554 alia
1336 3497 1438 3553 derivat

161 3593 254 3640 actum
267 3601 299 3640 ex
311 3599 368 3639 sese
379 3583 498 3650 nullum,
508 3591 534 3637 ct
545 3590 634 3637 actum
647 3584 695 3652 qui
713 3583 774 3638 talis
825 3583 976 3640 differentia
1004 3585 1074 3639 iuter
1096 3593 1239 3653 utmmque
1255 3591 1366 3649 actunt3
1391 3598 1440 3652 per·

161 3685 193 3725 ex
205 3685 262 3725 sese
273 3685 327 3724 uon
338 3679 379 3726 est
389 3668 436 3724 sed
448 3667 540 3722 nullus
552 3667 626 3722 reddi
637 3670 729 3738 possit.
743 3671 773 3722 lu
825 3669 988 3725 seutentiam
997 3670 1067 3723 euim
1077 3667 1278 3723 declaratoriam
1288 3674 1365 3722 actus
1374 3682 1441 3721 rou·

161 3755 244 3828 priori
253 3769 315 3808 casu
324 3756 347 3808 si
358 3751 489 3809 sententia
503 3750 600 3806 iudicis
618 3760 773 3822 quaeratur,
824 3753 958 3808 sideratur
969 3751 1061 3807 nuilus
1073 3768 1087 3807 a
1101 3768 1151 3807 suc
1167 3752 1244 3807 initio
1256 3761 1283 3808 et
1294 3767 1388 3807 omnes
1399 3751 1441 3806 el·

160 3839 262 3894 dicitur
275 3848 382 3894 tanturn
395 3836 589 3904 declaratoria3
602 3837 720 3892 declarat
732 3840 774 3890 ni·
824 3837 927 3903 lectus,
942 3838 976 3893 ab
997 3853 1029 3893 eo
1052 3845 1113 3893 actu
1132 3837 1267 3906 producti,
1285 3835 1440 3892 secundum

160 3925 261 3979 mirum
282 3933 371 3979 actum
390 3922 473 3978 luisse
493 3923 619 3989 nullum,
640 3925 668 3978 iu
691 3923 775 3978 altero
824 3939 904 3978 suum
917 3923 1024 3978 initium
1036 3921 1236 3978 diiudicentur:
1250 3924 1278 3977 in
1291 3923 1375 3978 altero
1390 3937 1438 3974 arr·

160 4022 224 4063 vero
240 4023 304 4064 casu
321 4007 453 4062 sententia
472 4006 570 4062 iudicis
588 4007 667 4062 illum
684 4005 775 4062 reddit
826 4015 880 4062 tem
897 4023 971 4073 casu,
988 4016 1044 4062 tum
1062 4016 1138 4062 actus
1155 4007 1250 4078 incipit
1266 4021 1324 4063 esse
1343 4007 1439 4063 uultus

160 4091 269 4148 nudum
284 4093 343 4147 siae
362 4106 416 4162 qua
434 4097 511 4145 actus
526 4105 576 4146 suo
595 4092 690 4148 robure
711 4107 774 4148 cou-
826 4109 888 4148 cum
904 4093 986 4152 luerit
1003 4094 1131 4150 irritatus.

674 4353 922 4380 t—OO—nn
