3248 5004
1378 437 1401 506 r

197 578 299 680 lli.
318 577 615 682 tolttttttttlt
646 578 802 682 llllllll
828 580 1038 684 lllllllllll
1063 581 1329 684 llllllllllll.

438 1021 731 1094 VlSlTATlONlS
755 1023 804 1094 SS
837 1023 1026 1096 LllllNUlll
1059 1025 1092 1083 (¹)

158 1228 196 1277 εἳ
208 1223 286 1277 Febr.
299 1228 374 1277 ¹862.
718 1222 791 1280 Sese.
803 1231 848 1280 22.
861 1229 973 1280 Decrel.
984 1229 1019 1281 de
1030 1225 1118 1280 obser.
1130 1229 1158 1280 tn
1169 1224 1273 1293 Sacrls.
1287 1229 1364 1281 Mtte.

197 1419 484 1486 compendium
505 1422 623 1474 rasta.
651 1407 844 1502 Episcopus
869 1408 899 1479 Α
924 1409 958 1478 in
985 1409 1151 1480 relatione
1180 1421 1292 1479 status
1317 1431 1400 1482 suae

126 1513 303 1584 Dioeccsis
319 1512 361 1581 ad
378 1511 414 1581 S.
432 1511 553 1584 Sedem
573 1515 791 1596 transmissa,
809 1514 894 1585 haec
910 1516 1090 1606 exposuit:
1113 1513 1317 1586 allucentae
1335 1515 1400 1585 oir-

123 1621 253 1690 ociter
277 1618 458 1691 Paroeciae
491 1619 525 1689 in
553 1622 618 1690 bac
649 1620 802 1692 Dioecesi
834 1633 979 1703 extant,
1012 1643 1099 1713 quac
1128 1621 1230 1692 aliam
1261 1621 1398 1693 filialem

126 1726 232 1794 asibi
263 1725 430 1795 adnexam
461 1726 609 1808 habeat,
637 1728 763 1819 inqua
796 1727 970 1798 Parochus
1002 1728 1124 1799 diebus
1156 1729 1337 1800 dominicis
1363 1743 1399 1800 et

127 1831 267 1900 plastis
299 1853 360 1923 per
387 1854 516 1902 annum
549 1833 735 1903 secundam
760 1832 898 1903 Missam
923 1833 1098 1905 celebrat:
1125 1848 1160 1905 et
1192 1834 1282 1905 circa
1312 1834 1399 1906 banc

127 1962 146 2004 a
167 1937 452 2008 consuetudinem
477 1938 611 2009 diversa
636 1938 739 2009 dubia
760 1939 1004 2023 suboriuntur,
1024 1965 1128 2034 super
1145 1941 1271 2034 quibus
1288 1940 1401 2011 decla·

127 2069 145 2110 a
169 2045 338 2117 rationem
362 2045 590 2114 necessariam
610 2069 630 2115 a
651 2045 686 2116 S.
705 2045 976 2139 Congregatione
1000 2047 1179 2118 humiliter
1202 2045 1397 2140 expostulo.

128 2175 146 2216 a
170 2150 215 2218 Et
232 2151 381 2242 primum
407 2151 680 2221 animadvertere
697 2150 824 2233 debeo,
842 2153 933 2244 quod
951 2152 1104 2223 lidelium
1121 2175 1285 2222 numerus
1303 2152 1398 2222 iuxta

120 2282 145 2323 a
166 2258 228 2326 has
257 2256 419 2328 ecclesias
451 2258 739 2328 commorantium
792 2259 889 2329 valdo
923 2260 1038 2329 varius
1061 2272 1138 2328 est:
1166 2259 1201 2328 in
1227 2256 1399 2350 aliquibus

124 2389 144 2430 a
166 2376 249 2432 sunt
272 2364 425 2455 quinque
449 2363 503 2435 vel
528 2364 669 2444 decem,
690 2365 724 2432 in
742 2364 818 2434 aliis
834 2364 995 2446 ducenti,
1014 2365 1084 2435 imo
1101 2377 1136 2435 ct
1155 2364 1322 2434 sexcenti.
1341 2362 1399 2434 bi-

126 2495 145 2536 a
166 2470 292 2538 stantia
310 2492 329 2536 a
347 2469 511 2550 matrice,
538 2468 640 2539 modo
657 2470 698 2538 ad
716 2468 914 2539 milliarium
933 2491 1001 2539 non
1018 2470 1178 2560 attingit,
1197 2469 1300 2540 modo
1317 2483 1399 2539 sunt

120 2603 145 2643 a
166 2577 236 2645 duo
270 2575 336 2644 tria
369 2587 429 2645 aut
452 2588 603 2667 quatuor
635 2576 807 2645 milliaria.
835 2577 941 2647 Valde
973 2575 1110 2647 dillicile
1142 2575 1259 2658 loret,
1293 2579 1397 2647 etiam

120 2709 144 2748 a
168 2693 246 2772 post
270 2682 478 2773 exquisitam
503 2682 822 2774 investigationem,
851 2683 992 2754 delinire
1019 2695 1136 2752 utrum
1153 2683 1219 2754 hae
1234 2683 1397 2755 ecclcsiae

126 2809 259 2857 »nunc
284 2787 424 2870 filiales,
450 2788 580 2858 luerint
604 2787 787 2880 aliquando
811 2789 975 2859 ccclesiae
1000 2789 1185 2869 matrices,
1212 2811 1272 2860 seu
1297 2811 1397 2862 verae

126 2918 145 2959 a
166 2894 385 2983 paroeciae.»
404 2892 561 2980 Quatuor
578 2895 721 2986 proinde
740 2894 843 2964 dubia
861 2893 1077 2987 proponebat
1092 2894 1127 2965 S.
1147 2893 1291 2965 Consilii
1308 2895 1398 2966 Con·

122 2998 336 3090 gregationi,
354 3021 444 3091 quae
469 3013 654 3092 antequam
680 3001 917 3082 solverentur,
943 3012 1083 3091 rogatus
1108 3013 1161 3070 est
1186 3000 1394 3094 Episcopus,

124 3118 168 3174 ut
192 3105 301 3196 magis
324 3105 479 3197 praecise
504 3105 647 3177 referret
668 3107 709 3176 de
734 3107 930 3178 omnimoda
955 3107 1148 3177 deficientia
1172 3106 1396 3178 Sacerdotum

122 3234 166 3280 ac
184 3213 390 3292 aarediorum,
404 3211 531 3303 quibus
548 3235 610 3304 per
626 3212 732 3282 alium
749 3213 915 3283 celebrari
929 3224 1047 3306 posset
1062 3213 1096 3281 in
1111 3211 1271 3282 filialibus
1288 3211 1396 3284 eccle-

124 3317 210 3401 siis3
228 3329 263 3388 ct
280 3331 397 3386 utrum
419 3317 584 3388 ecclcsiae
602 3318 702 3388 modo
720 3317 839 3389 liliales
855 3331 1094 3410 nuncupatae,
1113 3319 1229 3389 dotem
1246 3317 1395 3410 aliquam

123 3447 188 3494 seu
213 3445 397 3514 congruam
429 3424 628 3493 distinctam
653 3447 673 3494 a
698 3425 841 3496 matrice
870 3425 1055 3506 haberent,
1087 3424 1285 3517 perquisitis
1309 3424 1397 3495 actis

122 3531 250 3599 Curiae
274 3551 313 3598 ao
336 3529 397 3599 SS.
416 3529 676 3601 visitationum.
703 3531 769 3613 Aa,
796 3552 884 3622 quae
917 3530 1024 3600 relata
1057 3543 1157 3612 sunt,
1191 3528 1395 3599 sufficientia

123 3659 193 3706 non
211 3649 311 3706 erant
326 3637 367 3706 ad
385 3637 555 3726 integram
573 3637 811 3729 quaestionem
830 3638 1030 3728 singillatim
1046 3637 1293 3716 deliniendam,
1307 3657 1395 3727 quae

124 3745 300 3832 ingentem
324 3742 560 3834 paroeciarum
580 3764 764 3812 numerum
783 3742 1090 3834 complectebatur.
1119 3741 1280 3812 llelatum
1302 3741 1394 3810 enim

123 3863 179 3918 cst
202 3848 244 3919 de
268 3870 392 3938 magna
416 3860 452 3918 et
475 3849 635 3939 generice
659 3849 931 3940 presbiterorum
963 3848 1180 3931 delicientia,
1208 3869 1395 3938 corumque

123 3952 299 4024 redituum
315 3968 530 4046 paupertate,
544 3955 603 4046 qui
617 3955 700 4024 dura
717 3955 813 4046 prius
830 3979 872 4026 ex
888 3955 1032 4026 decimis
1049 3954 1247 4036 alebantur,
1272 3955 1395 4025 deinde

122 4059 179 4127 bis
203 4059 409 4140 subtractis,
434 4060 605 4150 assignata
622 4072 676 4130 est
693 4084 755 4154 pro
779 4061 936 4153 quolibet
961 4060 1110 4153 parocho
1134 4073 1228 4131 certa
1253 4061 1393 4152 pensio,

124 4165 387 4259 indipendeater
417 4167 558 4237 omnino
585 4189 604 4235 a
633 4167 841 4259 populorum
873 4187 1040 4248 numero,
1072 4165 1127 4238 vel
1152 4166 1394 4259 parochiarum

173 4351 212 4412 (ι)
229 4349 285 4401 Hoc
303 4345 382 4402 titulo
404 4347 518 4402 indicari
531 4347 618 4403 soleat
636 4363 732 4402 causae
784 4356 838 4414 tur,
859 4345 967 4415 quando
984 4346 1110 4400 exhibent
1130 4347 1287 4403 relationem
1308 4354 1396 4402 status

121 4442 171 4480 seu
194 4425 292 4492 dubia,
310 4442 379 4496 quae
396 4427 424 4478 S.
437 4427 643 4497 Congregatiooi
662 4427 733 4480 Con·
783 4442 847 4482 attae
862 4429 1034 4482 DloeceslsS.
1046 4427 1118 4482 Sedi.

116 4510 178 4562 tatii
206 4507 331 4562 solvenda
355 4505 390 4561 ab
419 4508 555 4577 Episcopis
580 4522 735 4576 proponun⁰
