3248 5004
697 335 849 384 srnssnix
875 336 908 382 ιι.
1397 315 1439 384 tsi

165 445 238 508 iacti
275 443 425 506 adinnciis
451 448 548 504 totam
578 441 721 521 pendere.
746 443 775 503 Si
831 440 1442 522 adhaerere3qninlpsaserioadrertstse

164 547 245 608 enim
259 546 366 608 mulier
376 547 418 607 ita
432 547 460 605 in
471 544 687 606 abductionem
699 562 775 606 con·
830 541 868 604 ad
879 544 1055 622 coniugium
1069 544 1235 606 ineundum
1248 544 1342 623 adigi,
1354 541 1442 623 qnod

164 649 275 710 sentiat
284 652 320 710 ut
330 646 456 708 liberius
466 646 693 709 matrimonium
703 665 781 709 con·
829 651 940 722 sponte
960 650 991 712 et
1013 653 1120 706 contra
1143 651 1304 722 parentum
1327 644 1441 706 volun·

164 748 288 822 trabat,
312 753 343 809 et
364 747 426 810 boc
448 746 642 832 abductionis
672 748 777 810 medio
829 749 918 804 tatem
963 762 1119 824 sinuquam
1138 745 1242 807 ior-san
1260 745 1365 807 luisset
1380 746 1442 806 ini·

164 855 267 910 utatur
278 847 316 909 ad
328 847 487 909 obstacula
500 847 699 925 removenda,
713 866 775 911 non
828 850 908 905 tura.
921 844 968 907 sd
987 845 1068 908 bunc
1085 863 1205 908 sensum
1229 846 1373 908 videntur
1390 863 1443 908 re·

163 949 285 1011 ridetur
305 955 432 1028 raptus,
455 947 509 1010 sed
530 948 657 1028 simplex
679 949 774 1027 iuga,
828 945 899 1008 duci
934 946 1012 1009 duae
1047 947 1251 1010 resolutiones
1277 950 1307 1011 S.
1338 949 1372 1010 C.
1401 951 1435 1010 u.

162 1049 302 1128 quamvis
324 1050 426 1129 aliqua
453 1049 563 1111 iniuria
596 1049 776 1129 perentibus
828 1065 957 1126 quarum
978 1049 1070 1110 altera
1093 1057 1139 1112 est
1161 1051 1190 1111 in
1214 1067 1248 1111 ea
1271 1049 1435 1128 quaealli·

160 1150 410 1213 dissentientibus
432 1151 597 1228 irrogetnr.
826 1151 910 1227 ganti
922 1151 1052 1212 retertur
1062 1168 1154 1231 supra
1167 1152 1305 1230 exposite
1317 1170 1387 1228 paq.
1397 1153 1433 1212 it

227 1253 268 1313 lt
288 1253 313 1314 si
336 1255 383 1314 vir
406 1258 487 1313 recta
512 1252 560 1314 rin
591 1270 654 1314 non
678 1255 776 1332 possit
825 1251 918 1313 altera
935 1269 1013 1332 quae
1030 1254 1194 1332 exponitur
1204 1272 1277 1331 pop.
1295 1255 1334 1312 59
1351 1259 1382 1314 ct
1397 1255 1442 1315 dii

163 1351 299 1415 mulieris
314 1355 535 1424 consensumin
547 1354 774 1416 matrimonium
826 1351 857 1412 in
877 1352 933 1414 bac
946 1353 1127 1432 appendice.

161 1455 317 1532 obtinere,
337 1462 368 1517 et
385 1453 456 1517 inde
478 1456 617 1533 rapinam
635 1457 699 1517 sive
714 1474 773 1536 pu·
891 1455 976 1515 lianc
989 1455 1440 1534 rationemngendieorumqui

159 1557 236 1618 eliae
252 1555 367 1618 lurtum
385 1556 566 1633 meditatus,
582 1557 709 1635 incipiat
722 1558 772 1619 in·
826 1554 910 1617 bisce
924 1555 1040 1618 artibus
1056 1557 1441 1637 praestitutis‚inexpertaa

159 1663 314 1736 expertam
337 1659 470 1737 puellam
486 1659 708 1720 circumvenire
724 1659 772 1720 in·
825 1654 936 1718 deinde
958 1658 1082 1735 rapiunt
1103 1657 1237 1738 puellas,
1256 1675 1441 1736 comparare

159 1758 243 1820 cidiis
271 1759 542 1822 sollicitationibus
571 1758 688 1822 dolosis
711 1768 770 1822 etc.
824 1755 1058 1837 quodammodo
1093 1774 1198 1837 posses
1226 1775 1295 1819 cum
1318 1759 1441 1819 ratione

159 1866 194 1919 nt
210 1859 295 1921 bisce
310 1861 469 1923 artibuset
482 1861 527 1922 bis
540 1860 773 1940 quodammodo
824 1871 932 1935 agenor
964 1875 1071 1919 eorum
1106 1859 1161 1938 qni
1192 1857 1280 1920 bamo
1310 1860 1440 1940 capiunt

160 1959 295 2036 retibus,
320 1961 451 2042 aliquam
476 1961 627 2023 versatilis
652 1962 774 2042 puellae
825 1959 922 2039 pisces
943 1966 974 2020 et
995 1978 1067 2022 aves
1089 1959 1216 2022 retibus.

159 2060 412 2140 complacentiam
430 2068 624 2142 extorqueat,
639 2081 699 2144 qna
711 2065 771 2127 ob·
888 2061 988 2136 Quare
1000 2063 1317 2123 sicutersolainiuria
1329 2081 1432 2141 parau-

159 2167 244 2223 tenta
259 2164 289 2224 in
305 2169 444 2243 spretum
462 2170 623 2243 parentum
638 2183 703 2227 eam
720 2183 771 2228 ra·
822 2161 906 2223 tibus
930 2163 977 2224 vel
998 2163 1099 2224 insciis
1121 2161 1168 2223 vel
1190 2162 1438 2227 dissentientibus

162 2263 236 2341 piat,
246 2280 337 2324 nemo
352 2282 414 2326 non
425 2265 521 2339 videt,
531 2263 631 2326 virum
644 2264 771 2345 quidem
823 2262 917 2338 illata,
930 2269 1035 2342 raptus
1049 2281 1111 2324 non
1127 2263 1249 2326 videtur
1265 2265 1434 2340 committi3

159 2360 317 2424 intendere
341 2364 471 2444 puellam
486 2366 517 2426 in
540 2364 772 2428 matrimonium
823 2363 866 2425 ita
876 2364 967 2425 etiam
981 2381 1016 2424 er
1032 2364 1155 2443 aliquali
1166 2382 1316 2426 consensu
1328 2366 1436 2426 mulie·

159 2479 287 2542 cogere,
305 2466 438 2545 puellam
455 2471 556 2527 summ
570 2465 687 2528 insidiis
702 2468 771 2544 viri,
825 2466 906 2527 riein
917 2471 1053 2544 raptum,
1065 2465 1143 2526 ratio
1160 2473 1338 2546 raptusoon
1352 2466 1435 2528 vide·

159 2582 195 2625 es
238 2564 499 2628 circumventione
536 2564 772 2646 quodammodo
824 2573 875 2629 tur
892 2566 1023 2628 excludi.
1039 2567 1123 2629 liaeo
1138 2573 1183 2629 est
1198 2574 1299 2629 nostra
1315 2568 1436 2648 opinio.

682 2812 911 2836 a*

611 2999 1000 3074 APPENDlell.

466 3247 554 3297 cinci
572 3251 600 3298 S.
621 3253 897 3301 nouutrsurttntsu
916 3255 1139 3305 leustetten.

220 3479 305 3543 Inter
325 3480 415 3562 plura
436 3484 598 3547 tribunalia
615 3506 692 3567 quae
707 3490 772 3552 lio-
822 3491 932 3568 genitis
970 3491 1192 3573 eventibusque
1214 3494 1374 3574 inopinato
1388 3495 1438 3554 in·

158 3600 228 3644 mae
240 3581 412 3662 habentur,
427 3586 540 3666 quibus
554 3589 584 3650 S.
601 3590 694 3654 Sedes
710 3593 771 3654 nti·
823 3591 1020 3670 surgentibus
1042 3591 1119 3655 adeo
1142 3594 1261 3657 solicite
1284 3599 1437 3672 occurrit,

158 3689 211 3745 tur
224 3682 264 3746 ad
277 3686 432 3763 ingentem
446 3692 639 3768 negotiorum
657 3694 771 3756 molem
823 3709 916 3772 quam
933 3692 993 3754 boc
1013 3696 1045 3757 S.
1067 3694 1151 3757 Sedis
1166 3697 1313 3759 tribunal.
1335 3697 1439 3772 Quare

158 3784 375 3864 expediendam
412 3787 443 3849 io
461 3790 608 3854 Ecclesiae
633 3793 769 3872 bonum,
822 3799 1032 3876 uuusquisque
1047 3798 1178 3877 percipit
1191 3815 1281 3878 quam
1296 3798 1371 3860 utile
1382 3800 1436 3874 sit,

157 3889 188 3944 et
208 3883 345 3948 fidelium
370 3888 554 3970 utilitatcm;
577 3895 770 3959 notissimum
823 3914 860 3957 ne
882 3895 954 3956 dum
975 3894 1070 3976 illud,
1086 3901 1228 3976 nomine,
1245 3907 1275 3962 et
1289 3900 1385 3961 veluti
1402 3903 1432 3962 iu

157 3991 204 4045 est
217 3985 293 4049 illud
309 3989 394 4068 qnod
412 3991 442 4052 S.
458 3993 696 4058 poenitentiaria
711 4015 768 4059 au·
822 3997 936 4060 cortice
950 4015 1131 4078 agnoscere,
1145 4001 1198 4064 sed
1213 4005 1301 4063 etiam
1319 4005 1436 4081 practi-

158 4085 215 4146 dit.
236 4087 359 4151 Nullum
382 4090 485 4154 forsan
509 4094 659 4176 babetur,
683 4097 769 4177 quod
822 4117 887 4161 cam
908 4099 988 4161 illius
1007 4105 1212 4181 cognitionem
1233 4103 1439 4168 baberelio-

158 4184 234 4249 ndeo
256 4186 433 4270 frequenter
454 4191 556 4255 aditur
570 4195 608 4256 ab
624 4197 663 4257 iis
678 4216 769 4279 prae·
820 4208 885 4263 tum
908 4219 1003 4281 porro
1026 4210 1072 4267 est
1093 4207 1124 4266 in
1141 4224 1178 4266 eo
1195 4209 1376 4285 pertractari
1406 4215 1439 4271 et

155 4289 276 4366 sertim,
293 4293 348 4370 qui
371 4295 540 4356 animarum
563 4313 656 4360 curae
679 4317 769 4378 prae·
821 4303 956 4382 expediri
973 4308 1094 4385 negotia
1108 4324 1187 4388 quae
1204 4308 1341 4372 fidelium
1361 4330 1438 4372 cori·

154 4395 246 4470 sunt,
261 4399 292 4454 et
308 4393 425 4457 nullum
448 4395 552 4458 iorsao
575 4397 661 4478 quod
682 4400 765 4464 indi·
819 4406 974 4468 scientiam
995 4407 1178 4488 respiciunt,
1198 4427 1339 4492 quaeque
1355 4412 1436 4475 adeo
