3282 5008
209 437 272 504 tto
652 461 745 506 sorau
765 461 834 506 ttae
854 461 1038 506 susannam.

205 561 332 644 clesiis‚
351 583 439 654 quae
464 575 623 656 spectant
640 566 681 635 ad
706 565 790 635 alias
815 566 939 635 diversi
961 565 1110 636 nominis
1125 563 1285 645 familias,
1302 585 1390 655 qttae
1411 559 1474 630 sub

205 666 326 738 eodem
352 665 481 740 Ordine
505 671 858 750 comprehenduntur.
878 668 989 756 Quare
1014 668 1302 748 concludebatur,
1327 688 1408 738 cunt
1433 665 1473 735 ad

205 770 369 842 ecclesias
390 793 493 864 supra
514 773 683 845 indlcatas
707 775 888 846 commode
906 775 1077 866 potuisset
1095 771 1317 844 Prouincialis
1332 770 1475 841 cadaver

205 875 347 957 deserti,
366 897 435 947 non
452 875 619 949 debuerat
637 879 720 949 illud
739 880 771 948 in
790 878 977 971 parochiali
995 878 1139 951 ecclesia
1156 876 1308 968 sepeliri.

276 980 344 1053 Sed
369 996 506 1075 praeter
528 985 631 1068 haec,
656 985 921 1065 observabatur,
940 1008 983 1055 ex
1006 985 1162 1054 doctrina
1183 982 1391 1062 Doctorum,
1410 980 1474 1051 Re-

206 1088 342 1180 gulares
365 1103 463 1161 extra
488 1089 687 1161 Claustrum
713 1091 939 1171 decedentes,
965 1091 1070 1161 etiam
1105 1088 1299 1161 inconsulto
1327 1085 1476 1180 parocho

205 1195 266 1286 qui
291 1207 447 1266 extrema
463 1195 685 1268 Sacramenta
711 1197 840 1268 eisdem
866 1197 1138 1275 ministraverit,
1163 1218 1264 1289 posse
1289 1193 1475 1286 adsportari

206 1301 249 1370 ad
274 1303 447 1394 propriam
473 1303 675 1374 corumdem
701 1302 895 1374 ecclesiam.
916 1303 961 1372 Et
985 1305 1018 1372 in
1044 1303 1109 1372 hac
1134 1325 1170 1372 re
1194 1301 1396 1372 nominatim
1422 1299 1478 1368 Pi-

206 1406 335 1499 guarel.
357 1407 468 1479 Const.
495 1411 558 1478 199
583 1411 655 1478 n.1
686 1424 766 1479 tom.
786 1416 806 1477 d
824 1409 930 1480 relcrt
956 1423 1158 1501 sequentem
1182 1405 1276 1477 SC.
1295 1403 1479 1476 C.resolu·

207 1514 338 1584 tionem
356 1514 424 1586 diei
443 1517 463 1582 1
482 1514 559 1584 lulii
589 1519 677 1584 1620
701 1516 744 1585 ad
769 1515 810 1585 X.
838 1514 982 1585 dubium
1008 1515 1098 1606 quod
1124 1514 1158 1582 in
1182 1511 1329 1582 latinum
1352 1512 1477 1582 idioma

206 1621 376 1690 vertimus
402 1647 418 1686 n
435 1619 522 1691 Cum
548 1621 721 1692 interdum
747 1621 891 1701 accidat,
911 1635 949 1690 ut
967 1621 1168 1711 Regulares,
1193 1617 1372 1711 speciatim
1396 1639 1480 1688 vcro

210 1726 405 1797 »Canonici
430 1725 694 1810 Lateranenses,
713 1741 811 1799 extra
834 1727 1079 1797 llonasterium
1096 1726 1131 1794 in
1148 1725 1250 1797 domo
1266 1745 1406 1795 suorum
1422 1745 1483 1815 pa·

210 1857 226 1897 a
244 1845 380 1904 rentum
405 1833 619 1914 moriantur,
638 1847 769 1904 etcum
787 1833 929 1903 Parocbi
948 1833 1148 1904 eorumdem
1166 1829 1481 1902 administraverint

210 1964 226 2004 a
242 1937 480 2020 Sacramenta,
497 1939 677 2030 quaeritur
689 1962 731 2009 an
749 1963 793 2010 ex
805 1939 1029 2030 Superiorum
1047 1937 1207 2008 mandato
1235 1945 1338 2006 noctu
1355 1932 1480 2004 deferri

211 2076 225 2110 a
243 2044 376 2135 possint
390 2045 431 2112 ad
446 2066 566 2114 eorum
580 2045 759 2115 ecclesiam
776 2045 971 2115 inconsulto
981 2044 1135 2114 Parocho
1152 2044 1199 2112 ita
1218 2053 1257 2109 ut
1274 2064 1339 2112 non
1357 2039 1481 2109 dentur

210 2179 226 2214 a
242 2148 450 2242 parochialia
463 2150 734 2221 emolumenta.»
750 2150 795 2245 (l)
810 2150 913 2220 Sacra
925 2149 1168 2242 C.respondit:
1184 2145 1366 2240 Repnlnres
1385 2161 1482 2216 extro

206 2253 388 2325 claustrum
406 2254 600 2325 decedentes
611 2279 706 2351 posse
721 2256 767 2325 nd
782 2279 896 2326 eorum
913 2253 1086 2325 ecclesium
1104 2254 1252 2348 deferri,
1268 2254 1369 2323 etium
1382 2273 1482 2346 poro-

207 2361 278 2431 chis
301 2359 508 2432 inconsultis.

278 2466 397 2560 Neque
425 2467 561 2550 obstat,
581 2467 849 2552 subiciebatur,
873 2469 964 2561 quod
991 2481 1126 2538 tantum
1150 2465 1326 2538 Parochus
1349 2467 1403 2536 ius
1423 2464 1481 2533 ha·

207 2571 288 2642 beat
302 2572 563 2642 administrandi
577 2572 799 2643 Sacramenta
814 2573 975 2664 Regulari
989 2585 1086 2642 extra
1100 2571 1289 2642 claustrum
1303 2570 1481 2643 decedenti

208 2677 306 2746 iuxta
332 2675 416 2745 illud
442 2676 534 2767 quod
558 2676 660 2747 docet
684 2675 786 2748 Petra
810 2675 871 2746 loc.
899 2677 956 2745 cit.
983 2700 1018 2745 n.
1049 2679 1091 2746 13
1116 2676 1309 2747 doctrinam
1343 2677 1484 2746 firmans

207 2781 357 2873 quadam
375 2781 600 2853 Resolutionc
617 2782 652 2853 S.
668 2781 707 2853 C.
722 2781 761 2852 C.
781 2783 817 2850 in
836 2781 964 2854 Collen.
987 2787 1022 2851 11
1045 2780 1173 2877 Aprilis
1190 2783 1292 2851 totta.
1310 2781 1410 2852 Aliud
1428 2792 1485 2852 est

208 2887 302 2956 cnim
327 2885 548 2957 Sacramenta
575 2886 747 2967 conferre,
770 2886 862 2956 aliud
888 2897 941 2957 est
966 2886 1021 2956 ius
1045 2887 1206 2958 funerum
1232 2900 1268 2957 et
1289 2885 1483 2978 sepulchri,

208 2991 300 3083 quod
325 3014 368 3062 cx
394 3014 497 3083 supra
522 2992 670 3084 allegato
694 2993 810 3084 capite
856 3005 990 3084 spectat
1015 2993 1057 3063 ad
1083 2993 1283 3084 Regularcs.

282 3097 330 3166 Et
348 3119 427 3174 outa
446 3121 475 3166 tu
494 3121 690 3168 contutatus
709 3099 1171 3170 cassarenturon.-Fat’ore
1183 3122 1266 3170 vero
1278 3096 1486 3191 parochialis

209 3202 457 3273 iurisdictionis
474 3203 574 3276 initio
591 3203 856 3287 observabatur,
877 3205 1156 3297 suppressionem
1180 3205 1281 3275 aliam
1307 3227 1383 3276 csse
1399 3204 1486 3274 iuris

208 3307 310 3378 aliam
324 3307 419 3401 [orti.
435 3307 518 3378 lleic
531 3309 584 3400 agi
599 3310 641 3379 de
654 3310 909 3401 suppressione,
925 3331 986 3380 seu
1000 3310 1194 3380 accuratius
1207 3311 1249 3380 de
1263 3308 1484 3402 oppressione

208 3413 292 3506 sacti
310 3425 386 3484 orta
402 3437 443 3484 ex
464 3414 627 3484 violentia
644 3415 789 3498 iniusta,
809 3437 877 3508 qua
895 3415 1083 3507 Regulares
1100 3440 1118 3487 e
1135 3417 1286 3487 claustro
1309 3413 1485 3486 exturbati

209 3529 312 3601 sunt,
330 3518 476 3588 sublatis
492 3521 616 3591 mediis
638 3522 840 3593 necessat-iis
857 3521 898 3591 ad
914 3521 1168 3592 observantiam
1194 3520 1384 3612 regularem
1411 3543 1487 3613 pro·

209 3625 434 3715 sequendam.
455 3626 564 3696 Porro
589 3626 673 3696 haec
698 3630 896 3719 suppressio
920 3629 1080 3720 quamvis
1104 3651 1144 3698 ex
1171 3628 1264 3698 oanni
1290 3641 1387 3718 parto
1413 3626 1487 3695 ille·

209 3729 344 3821 gitima,
365 3743 400 3800 et
417 3731 495 3801 ideo
513 3731 657 3802 iuridice
675 3732 783 3815 nulla,
803 3747 933 3815 tamen,
952 3747 1095 3826 propter·
1112 3735 1228 3803 tristes
1246 3732 1389 3804 allectus
1406 3731 1487 3802 indc

210 3847 347 3918 enatos,
367 3835 555 3928 lingulares
573 3838 607 3907 in
625 3862 666 3909 eo
683 3851 777 3908 statu
797 3839 1019 3934 reperiuntur
1034 3862 1102 3931 quo
1121 3840 1154 3908 in
1173 3851 1289 3908 actum
1314 3837 1486 3909 deducere

211 3954 389 4033 nequeunt
407 3943 573 4014 nonnulla
598 3967 641 4015 cx
667 3946 739 4016 suis
764 3945 973 4038 privilegiis,
1001 3946 1193 4016 cuiusmodi
1220 3944 1302 4013 illud
1327 3955 1381 4014 cst
1404 3941 1489 4015 reci·

259 4151 296 4212 (1)
316 4149 407 4203 ltalice
428 4149 464 4204 ita
483 4148 596 4206 dubium
620 4151 820 4222 exponebatur:
873 4153 1097 4208 namministrato
1115 4151 1353 4218 iSacramenti,se
1372 4162 1487 4218 possano

210 4249 224 4284 a
236 4232 293 4286 Che
305 4232 433 4287 monendo
444 4233 463 4287 li
476 4235 757 4300 fraternarum
768 4235 821 4290 alle
874 4259 886 4290 ι
898 4241 905 4292 1
919 4238 978 4293 loro
999 4239 1134 4308 Superiori
1156 4237 1216 4292 t'arli
1240 4243 1345 4305 portare
1363 4233 1389 4288 di
1412 4241 1487 4288 notte

211 4339 224 4364 ι
235 4316 314 4383 volte,
330 4317 362 4372 ed
376 4319 403 4372 in
419 4319 577 4388 particolare
588 4319 628 4374 de'
640 4320 761 4374 canonici
772 4321 821 4374 La·
875 4343 887 4374 ι
900 4323 952 4377 alla
966 4323 1022 4377 loro
1036 4324 1124 4378 cltiesa
1135 4337 1212 4377 senza
1223 4320 1300 4375 dirae
1312 4331 1371 4373 coss
1389 4319 1487 4372 alcuna

212 4424 224 4448 ι
236 4403 361 4466 temnesi,
371 4401 443 4458 t'uori
453 4402 495 4458 del
508 4407 659 4459 tlonastero
671 4405 697 4460 in
708 4421 767 4459 casa
779 4405 822 4461 dei
875 4431 887 4456 ι
900 4407 924 4462 al
936 4408 1048 4473 Curato,
1058 4422 1073 4461 c
1082 4421 1160 4462 senza
1173 4404 1258 4474 dargli
1274 4404 1299 4459 le
1313 4403 1417 4474 regioni
1427 4416 1487 4472 par·

212 4485 297 4541 sloro
320 4491 439 4556 parenti,
461 4488 494 4544 ed
517 4489 618 4545 aterrdo
640 4489 698 4546 loro
710 4491 718 4546 i
730 4492 822 4546 Cureti
877 4513 890 4534 ·
901 4491 1040 4547 scabiolis
