3248 5004
305 609 352 716 ll
378 609 409 712 l.
428 603 725 714 lllllllllllll
750 599 993 712 llllllllllll
1020 599 1064 702 ll
1088 592 1326 706 llllllllllll

719 805 907 830 m

469 933 823 1038 ‘easrnurrours
848 955 889 1028 m
913 953 1149 1030 rurscam

448 1063 510 1140 sr
547 1059 813 1142 Nantuatis
850 1056 1175 1138 reornssrous.

248 1221 306 1276 ne
318 1220 350 1274 n
368 1219 487 1288 nepueu
505 1221 581 1272 isat.

250 1355 538 1423 conpensu
559 1351 665 1417 mest,
696 1339 810 1410 Titius
847 1333 1054 1432 pauperihus
1088 1347 1185 1408 ortus
1217 1336 1421 1429 parentibus
1434 1386 1450 1404 .

176 1449 294 1546 iisque
317 1448 361 1520 ab
384 1444 529 1518 infantia
552 1445 704 1526 orbatus,
723 1443 758 1517 in
776 1439 1024 1518 avunculorum
1049 1441 1149 1512 domo
1174 1454 1341 1536 exceptus
1365 1441 1439 1513 fuit

177 1554 271 1627 Cum
294 1551 525 1634 adolesceret,
552 1564 587 1624 et
603 1573 622 1621 a
641 1547 750 1624 literis
774 1545 987 1619 addiscendis
1011 1559 1103 1618 esset
1126 1545 1278 1628 alienus,
1304 1560 1454 1618 conten-

179 1661 275 1731 ditur
297 1680 357 1731 eos
381 1655 546 1729 violentia
569 1654 720 1748 coegisse
745 1664 908 1746 nepotem
924 1662 964 1722 ut
981 1651 1161 1744 llegularis
1184 1653 1284 1726 fleret
1308 1641 1449 1725 Ordinis

180 1778 237 1848 A,
263 1761 420 1856 quamvis
444 1761 519 1858 ipse
543 1785 622 1836 eum
648 1760 738 1830 vitae
762 1771 892 1830 statum
905 1753 1090 1829 abhorrere
1099 1759 1329 1854 patefecisset.

249 1867 463 1960 Religionem
480 1867 597 1961 itaquo
608 1865 718 1938 Titius
735 1864 907 1960 ingressus
922 1878 988 1947 est,
1007 1878 1042 1936 et
1059 1887 1126 1936 nnn
1142 1863 1326 1942 defuerunt
1345 1866 1446 1938 itera·

178 1987 235 2046 tae
252 1973 412 2066 querelae
436 1973 648 2066 probationis
672 1983 846 2064 tempore,
860 1993 927 2063 quo
943 1970 1126 2043 dictitabat
1142 1995 1179 2044 se
1196 1994 1258 2046 nee
1272 1995 1314 2044 ex
1330 1972 1447 2044 divina

180 2078 360 2156 vocatione
384 2098 497 2170 neque
522 2090 642 2170 sponte
667 2073 764 2146 illum
789 2075 881 2147 vitae
905 2086 1035 2146 statum
1060 2076 1242 2168 amplecti;
1274 2076 1457 2148 nihilomi-

178 2205 247 2254 nus
271 2197 428 2276 tempore
453 2181 639 2253 novitiatus
671 2177 832 2270 expleto,
858 2201 946 2250 anno
975 2182 1063 2250 1831
1089 2190 1124 2252 et
1148 2181 1272 2252 aetatis
1296 2204 1378 2253 suae
1407 2185 1449 2250 17

179 2286 380 2370 mediante,
407 2286 594 2358 solemnem
618 2281 866 2378 professionem
895 2283 1023 2355 emisit.
1051 2281 1192 2356 Duobus
1240 2284 1365 2378 elapsis
1388 2310 1450 2357 au-

178 2391 235 2462 nis
259 2392 303 2463 ab
326 2393 391 2466 hac
416 2391 625 2487 professione
650 2387 797 2471 emissa,
823 2388 999 2461 occasione
1032 2391 1283 2485 suppressionis
1308 2392 1360 2462 sui
1386 2391 1448 2462 Or·

178 2496 268 2569 dinis
283 2521 347 2592 per
366 2497 535 2593 polytieas
558 2493 813 2567 vicissitudines
829 2495 863 2564 in
881 2517 985 2587 regno
1001 2493 1057 2578 B.,
1076 2519 1154 2568 cum
1180 2497 1305 2569 ceteris
1321 2521 1339 2570 e
1356 2498 1451 2569 elau·

178 2615 251 2674 stro
282 2605 479 2699 expulsus,
514 2601 733 2672 mechanicae
765 2601 831 2671 arti
861 2623 935 2672 sese
967 2603 1189 2697 mancipavit.
1222 2604 1322 2674 Anno
1359 2608 1450 2674 1818

179 2706 282 2798 petiit
306 2731 326 2779 a
352 2731 414 2780 suo
439 2707 610 2800 Episcopo
634 2718 675 2776 ut
697 2727 799 2775 causa
825 2705 1065 2776 institueretur
1096 2729 1199 2800 super
1225 2707 1451 2800 professionis

178 2811 339 2886 nullitate
385 2836 428 2885 ex
454 2813 486 2884 vi
520 2822 555 2884 et
588 2825 683 2883 metu
714 2811 872 2884 emissae.
906 2811 972 2884 Sed
1005 2813 1204 2898 inutiliter3
1235 2835 1316 2885 cum
1349 2816 1449 2906 quin-

179 2919 368 3009 quennium
393 2920 436 2991 ad
461 2916 715 2989 reclamandum
747 2917 834 2988 utile
868 2917 995 2988 iamdiu
1021 2943 1102 2992 sane
1128 2919 1372 3012 praeteriisset.
1400 2919 1450 2991 Ne

177 3033 296 3093 umen
323 3035 515 3117 opportuna
540 3021 697 3116 probatio
721 3043 783 3114 pro
808 3023 872 3094 hac
895 3045 996 3095 causa
1020 3023 1217 3116 deperiret,
1243 3024 1453 3095 concinnare

179 3126 315 3198 studuit
338 3128 403 3200 due
426 3127 683 3222 interruperat-ie
713 3149 818 3219 super
841 3128 966 3221 quihus
991 3151 1106 3200 coram
1133 3129 1283 3201 Parocho
1323 3141 1359 3201 ct
1384 3129 1459 3199 Ta-

179 3230 348 3317 bellione,
375 3257 436 3306 sex
460 3245 569 3305 testes
593 3234 733 3307 fuerunt
757 3233 955 3328 interrogati
965 3256 977 3318 3
994 3255 1119 3327 nempe
1135 3246 1206 3307 tres
1223 3235 1306 3306 Titii
1324 3237 1458 3306 tratres

180 3339 334 3430 genuani
348 3340 406 3431 qui
421 3337 572 3431 primum
593 3339 894 3431 interrogatorium
913 3339 1028 3433 (quod
1045 3341 1134 3410 circa
1151 3337 1333 3412 violentias
1350 3353 1454 3410 extra

181 3441 370 3515 claustrum
393 3442 506 3515 illatas
531 3444 759 3534 versabatur)
788 3445 990 3539 interposito
1023 3445 1239 3526 iuramento,
1266 3445 1455 3516 confirma·

181 3559 284 3634 runt;
307 3561 344 3621 et
368 3560 439 3620 tres
470 3547 712 3640 conreligiosi,
739 3548 797 3640 qui
823 3549 1076 3641 deposuerunt,
1107 3548 1236 3642 pariter
1268 3548 1333 3618 suh
1359 3550 1450 3618 iura·

181 3654 290 3724 menti
314 3653 500 3746 religione,
527 3655 618 3726 circa
642 3655 831 3726 secundum
857 3655 1177 3747 interrogatorium,
1196 3654 1239 3728 de
1256 3677 1297 3726 eo
1315 3654 1450 3730 seilicet

180 3759 273 3851 quod
295 3761 449 3833 evenerit
474 3774 630 3854 tempore
655 3761 856 3833 novitiatus.

250 3863 364 3936 Titius
386 3864 505 3956 itaque
530 3878 568 3936 ut
593 3889 694 3959 agero
724 3889 829 3958 super
853 3867 916 3940 huc
940 3889 1042 3939 causa
1073 3880 1210 3961 posset,
1242 3889 1332 3940 annu
1360 3872 1448 3939 1819

180 3991 199 4040 ι
222 3967 258 4041 S.
276 3969 365 4042 Sede
388 3971 491 4063 petiit
514 3970 719 4044 beneficium
745 3973 974 4046 restitutionis
999 3973 1034 4042 in
1059 3975 1249 4066 integrum,
1275 3975 1374 4045 cuius
1399 3989 1450 4046 ta-

180 4096 259 4148 men
288 4099 410 4170 preces
443 4101 505 4170 pro
536 4077 778 4151 informatione
803 4079 844 4150 ad
870 4079 1110 4162 Ordinarium,
1145 4078 1226 4151 licet
1258 4080 1446 4167 remissae,

181 4203 367 4276 suspensae
393 4181 547 4276 (quade
571 4208 673 4257 eausa
700 4186 895 4277 ignoratur)
924 4198 1151 4272 manserunt;
1175 4186 1283 4259 donec
1316 4187 1454 4258 iteratis

180 4285 340 4378 precihus
362 4309 420 4357 an.
443 4291 544 4370 ¹862,
563 4288 673 4382 iisque
697 4289 739 4360 ad
764 4289 975 4382 Episcopum
999 4290 1042 4362 de
1066 4312 1161 4362 more
1186 4291 1339 4362 remissis
1386 4314 1448 4386 pro

179 4387 421 4463 informatione
465 4405 500 4465 et
524 4406 605 4464 voto
629 4405 666 4466 et
691 4405 730 4463 ut
754 4393 898 4466 referret
930 4394 973 4465 (le
1005 4395 1117 4466 causis
1152 4395 1384 4467 restitutionis
1414 4397 1448 4468 in

178 4489 354 4587 integrum
379 4510 416 4566 et
440 4495 611 4570 nullitatis
635 4495 878 4590 professionis,
904 4499 1031 4570 auditis
1055 4501 1083 4570 si
1109 4499 1183 4573 fleri
1208 4500 1317 4596 possit
1348 4523 1455 4596 aupe-
