3248 5004
487 475 567 524 touls
582 474 751 523 tonantum
769 473 808 520 ΕΤ
828 471 949 519 testu.
969 470 1165 520 Ellobllllliss·

588 653 831 719 ntmprntro
853 653 1072 716 synoptico·

258 796 414 868 Darsnsro
439 817 580 865 ranocnr.
608 788 920 862 —Contendebat
943 789 1203 861 Parochussibi
1229 789 1346 863 omnia
1371 813 1465 864 omo·

188 905 346 976 lumenta
370 901 503 974 saneris
527 897 667 978 deberi,
693 919 734 968 eo
758 894 851 989 quod
877 895 1008 968 ratione
1032 895 1145 967 civilis
1167 897 1252 990 legis
1300 898 1464 970 tumulari

188 1032 257 1082 non
282 1017 421 1103 poterat
448 1005 597 1100 amplius
625 1001 779 1077 defuncti
809 1001 956 1074 cadaver
990 1003 1025 1071 in
1062 1003 1230 1074 maiorum
1258 1003 1464 1097 sepulchro3

188 1115 402 1208 proindeque
426 1134 495 1183 non
511 1109 661 1203 amplius
677 1109 837 1181 invocare
854 1120 1013 1201 poterant
1027 1108 1213 1202 Regulares
1229 1109 1284 1180 ius
1301 1109 1463 1202 gentilitii

186 1220 375 1315 sepulchri,
400 1240 470 1311 quo
494 1216 644 1300 soblem,
670 1214 888 1286 subintrabat
911 1213 1121 1286 ordinarium
1138 1213 1279 1287 Parocbi
1297 1215 1363 1284 ius.
1382 1217 1464 1286 Ani·

186 1325 426 1398 madvertebat
440 1325 580 1417 insuper
592 1346 630 1396 se
646 1321 741 1394 nulla
757 1321 923 1414 peculiari
940 1321 1148 1413 obligatione
1165 1320 1351 1413 obstringi,
1366 1334 1461 1412 puta,

185 1433 302 1524 aliqua
326 1429 578 1511 conventione,
606 1426 661 1501 vel
685 1438 799 1522 paeto,
825 1447 906 1498 oum
931 1425 1051 1497 iisdem
1078 1426 1326 1519 Regularibus,
1352 1448 1463 1519 neque

186 1566 225 1614 se
242 1541 312 1613 ullo
336 1539 440 1612 modo
457 1539 499 1610 ad
521 1539 555 1611 id
581 1538 757 1610 induxisse
781 1535 935 1608 deluneti
960 1549 1138 1628 parentes,
1156 1537 1214 1629 qui
1238 1537 1341 1630 plenu
1364 1536 1464 1609 liber·

189 1663 262 1722 tate
275 1662 310 1720 et
327 1659 450 1740 sponte
467 1645 651 1718 voluerunt
666 1643 787 1716 lunera
804 1644 837 1714 in
857 1643 1041 1736 parochiali
1056 1641 1210 1715 Ecclesia
1226 1641 1357 1735 perlici.

259 1755 415 1826 Dareusro
441 1775 648 1824 aeconomus.
676 1750 774 1822 -Ε
800 1763 921 1821 contra
946 1749 1133 1842 Regulares
1157 1750 1463 1822 contendebantse

188 1884 257 1932 non
293 1860 422 1955 privari
458 1859 533 1930 iure
565 1858 726 1929 funerum
751 1857 885 1928 ratione
913 1856 1046 1927 inducti
1069 1857 1280 1928 coemeterii.
1315 1857 1351 1928 Si
1380 1857 1461 1950 quid

188 1969 282 2039 onim
308 1966 394 2039 laica
411 1965 467 2038 lex
484 1979 661 2058 operatur,
681 1985 750 2034 non
767 1963 859 2034 aliud
877 1976 935 2059 est
946 1962 1012 2033 nisi
1030 1962 1218 2034 materialis
1234 1961 1299 2034 loei
1316 1965 1463 2034 mutatio

188 2074 223 2143 in
240 2096 310 2166 quo
327 2073 475 2144 cadaver
498 2070 639 2143 recondi
663 2070 767 2142 debet
783 2069 917 2141 ratione
934 2068 1092 2162 publicae
1116 2067 1343 2140 valetudinis:
1369 2068 1465 2140 nulla

189 2201 271 2250 vero
296 2176 471 2247 inducitur
488 2175 636 2247 mutatio
660 2175 767 2248 relate
791 2175 835 2246 ad
858 2176 946 2258 iura,
963 2197 1054 2268 quae
1077 2175 1106 2245 si
1122 2175 1275 2248 exerceri
1292 2195 1466 2270 nequeant

188 2282 303 2377 quoad
329 2282 594 2354 tumulationem
620 2282 654 2352 in
680 2282 817 2377 propria
842 2282 999 2365 ecelesia,
1025 2304 1095 2352 non
1113 2282 1189 2355 ideo
1206 2282 1318 2375 quood
1334 2284 1449 2353 omnia

188 2393 345 2462 extincta
368 2389 496 2462 debent
520 2390 665 2461 censeri.
692 2386 788 2476 Quae
812 2390 1035 2482 Regularium
1061 2390 1135 2460 iura
1159 2389 1261 2482 pleno
1285 2390 1465 2460 eontlrma-

189 2499 318 2569 bantur
341 2495 499 2590 pluribus
532 2495 816 2568 Resolutionibus
844 2495 879 2567 S.
907 2495 946 2567 C.
979 2495 1018 2567 C.
1051 2496 1086 2566 in
1124 2496 1262 2566 casibus
1293 2495 1466 2567 similibus

190 2627 278 2698 quae
310 2626 354 2675 ee
385 2603 494 2698 officio
525 2603 774 2696 allegabantur,
802 2615 838 2675 et
861 2603 988 2696 quibus
1017 2615 1135 2698 aperte
1162 2603 1467 2674 demonstrabatur

191 2710 227 2782 S.
254 2708 564 2804 congregationem
600 2707 641 2780 C.
667 2732 845 2803 nunquam
881 2710 1057 2781 censuisse
1084 2709 1174 2781 laedi
1198 2710 1273 2780 iura
1303 2708 1464 2781 funerum

190 2841 254 2911 per
279 2816 415 2911 publiea
433 2817 640 2889 coemeteria
664 2828 824 2888 recenter
850 2816 1008 2887 inducta:
1036 2838 1148 2909 neque
1173 2838 1274 2908 posse
1304 2829 1465 2907 parentes

192 2924 245 2996 vel
269 2923 437 2997 haeredes
460 2936 580 2996 eontra
605 2923 690 2994 iuris
714 2935 844 2994 statuta
869 2922 1099 2994 determinare
1132 2943 1194 3016 pro
1218 2921 1381 2994 defuneto
1410 2945 1468 2994 ee·

191 3028 332 3102 closiam
357 3029 392 3100 in
417 3051 484 3124 qua
508 3029 627 3102 lunera
653 3029 769 3123 peragi
787 3029 949 3100 debeant.

264 3373 282 3411 a
302 3345 354 3417 An
373 3359 407 3420 et
423 3369 512 3440 quae
529 3348 762 3422 emolumenta
779 3349 909 3423 lunaris
921 3349 1137 3422 Parochus...
1152 3350 1335 3423 restituere
1352 3362 1467 3422 tenea-

194 3477 211 3518 r
231 3464 289 3522 tur
304 3451 507 3524 Patribus...
521 3455 556 3524 in
573 3478 692 3529 casu.»

262 3557 399 3630 Soturro
417 3583 509 3630 ouarr.
523 3561 681 3635 -Saera
696 3561 736 3634 C.
752 3562 792 3633 C.
808 3563 864 3636 die
878 3567 921 3634 26
935 3563 1140 3636 Novembris
1157 3567 1242 3634 1864
1258 3563 1466 3656 respondere

191 3663 328 3736 censuit
352 3665 468 3739 lavore
495 3667 729 3761 Regularium,

261 3771 471 3864 Affinnotioe
495 3775 531 3844 in
556 3775 708 3846 omnibus
731 3776 866 3873 dempto
888 3792 1034 3873 quarto:
1060 3792 1091 3849 et
1115 3774 1262 3873 amplias
1281 3777 1344 3868 (l).

252 4025 799 4098 (ticinusulaetampllualmportatapud
852 4030 1043 4085 deseribuntur
1073 4030 1101 4084 in
1130 4028 1237 4084 ordlm
1269 4026 1408 4082 amando
1436 4031 1465 4081 tn

190 4109 217 4162 S.
237 4108 266 4163 C.
288 4110 330 4173 C.,
351 4109 505 4166 huiusmodi
528 4113 752 4180 algnilicationem
775 4118 803 4168 et
854 4115 941 4170 causis
957 4116 985 4168 S.
1001 4117 1031 4170 C.
1050 4116 1081 4170 c.
1096 4115 1237 4184 propositis
1255 4112 1333 4181 vulgo
1351 4111 1466 4181 Regela-

190 4209 277 4248 caeso
300 4194 422 4263 amplius
442 4211 497 4249 non
521 4201 705 4267 proponatur.
730 4197 804 4252 Solet
854 4202 945 4253 mento
956 4202 1014 4254 ort.
1029 4203 1074 4266 22,
1084 4199 1128 4267 qui
1142 4198 1225 4252 latiae
1238 4197 1274 4252 ita
1286 4199 1404 4250 vertitur.
1417 4197 1463 4248 «st

191 4277 257 4332 lraeo
274 4277 396 4333 clausula
414 4281 529 4349 opponi,
547 4279 655 4351 quaudo
676 4280 803 4338 Cardine·
856 4303 869 4329 ι
881 4281 1008 4337 resolutio
1033 4283 1063 4335 S.
1083 4281 1303 4352 congregationis
1326 4280 1467 4333 muniatur

191 4359 230 4414 les
257 4376 352 4416 ornnes
373 4363 401 4416 in
421 4360 542 4418 coendum
559 4365 720 4420 sententiam
740 4380 803 4420 con·
857 4365 1039 4421 »clausulaet
1050 4365 1465 4434 ampliusuovumexpcrimen·

191 4445 301 4500 veniunt
332 4446 360 4501 in
387 4445 522 4504 decisione
552 4463 657 4504 cauma.
685 4448 804 4505 Elieetus
857 4455 938 4504 »turn
955 4452 1167 4520 (siquaeratur)
1185 4451 1237 4520 peti
1256 4448 1467 4503 debctabEmo

191 4543 250 4584 vero
268 4545 336 4601 quos
358 4531 422 4587 baec
447 4531 567 4587 clausule
596 4531 738 4602 producit,
766 4535 803 4589 ita
858 4533 1017 4590 »Praefecto
1032 4535 1236 4606 (inaliisenim
1249 4533 1467 4604 casibuspetitur
