3248 5004
201 395 247 466 30
518 417 686 466 assumor.
705 417 733 466 ιιι
751 415 877 464 turcos.
898 415 936 460 nr
955 411 1044 461 ιιιιιι.
1062 410 1152 458 ιιοι.

200 517 272 590 sint
285 541 343 593 res
358 519 440 592 facti
458 543 527 593 uon
545 537 827 616 praesumuntur,
841 519 903 592 sed
915 517 1160 591 concludenter
1175 511 1315 608 probari
1332 509 1477 586 debent.

199 623 224 693 l.
242 646 318 695 mum
337 639 370 696 tc
384 623 408 694 l.
428 641 555 713 metam
572 624 610 699 C.
630 626 672 699 de
688 627 741 697 bis
762 649 850 722 quae
866 625 913 696 ai.
932 624 1093 696 lnnocen.
1112 621 1157 692 lll
1174 621 1209 691 in
1231 643 1305 714 cap.
1330 616 1470 690 Causam

198 727 241 800 dc
255 730 313 825 off.
331 728 445 824 Delcq.
472 730 638 803 blascard.
657 731 699 813 de
716 730 809 827 prob.
837 727 983 802 conclus.
1013 731 1113 798 toti.
1140 723 1349 819 Excipiebut
1371 745 1472 816 porro

198 847 318 907 contra
343 847 451 908 testes
475 860 664 932 eorumque
689 837 922 931 depositiones
947 833 1111 916 dicendo,
1135 833 1289 929 primum
1320 831 1475 901 interro·

197 941 369 1033 guterium
393 941 599 1034 simpliciter
621 967 641 1014 a
667 941 817 1015 testibus
840 939 1083 1014 confirmatum
1107 938 1231 1034 fuisse,
1250 937 1335 1031 quin
1359 933 1477 1009 formi-

197 1057 253 1118 ter
275 1044 485 1118 adducerent
509 1070 647 1119 causam
666 1047 844 1130 scientiae,
862 1043 979 1140 prouti
996 1057 1171 1139 oporteret
1187 1065 1261 1138 cap.
1277 1043 1321 1114 36
1338 1039 1380 1112 de
1396 1052 1474 1111 test.

196 1162 229 1218 et
253 1162 400 1221 attestat.
427 1151 472 1222 Et
496 1174 577 1223 cum
603 1175 647 1223 ex
671 1151 758 1224 actis
783 1173 852 1224 non
875 1160 1020 1223 eruatur
1043 1171 1102 1220 eos
1125 1171 1204 1220 cum
1230 1147 1325 1218 Titio
1356 1147 1477 1218 convi-

198 1254 302 1338 xisse,
320 1255 386 1348 ipsi
402 1257 609 1330 videbantur
632 1258 749 1331 reduci
774 1258 816 1328 ad
841 1269 949 1330 testes
972 1256 1017 1328 de
1041 1255 1182 1334 auditu,
1201 1255 1261 1349 qui
1278 1251 1391 1324 multo
1408 1251 1476 1321 mi·

198 1381 265 1430 nus
295 1359 398 1432 fldem
423 1361 597 1445 facerent,
623 1363 652 1434 si
680 1361 765 1433 illud
790 1361 881 1455 quod
907 1359 1128 1448 testabantur
1142 1359 1185 1432 ab
1201 1362 1353 1454 ipsomet
1378 1356 1468 1428 Titio

196 1465 419 1558 recepissent.
454 1465 577 1537 Nullus
608 1467 701 1538 enim
734 1466 879 1539 idoneus
903 1463 1003 1537 testis
1031 1465 1066 1536 in
1097 1488 1134 1537 re
1163 1488 1223 1535 sua
1247 1461 1467 1555 intelligitur.

195 1565 219 1636 f.
245 1573 286 1639 ld
301 1571 340 1664 ff.
359 1569 401 1640 de
417 1583 490 1640 test.
509 1571 718 1644 Praesertim
743 1592 823 1642 cum
849 1569 914 1664 ipsi
938 1581 1055 1642 essent
1073 1569 1156 1641 Titii
1174 1566 1316 1650 fratres,
1343 1567 1403 1658 qui
1430 1589 1470 1635 eo

196 1673 271 1766 ipso
294 1674 385 1766 quod
411 1675 496 1747 tales
525 1675 725 1757 extiterint,
752 1696 871 1746 eorum
896 1674 1067 1766 depositio
1090 1685 1253 1766 suspecta
1284 1683 1350 1744 cst.
1381 1670 1470 1741 Voet

195 1778 240 1849 ad
257 1778 366 1850 Pand.
384 1778 409 1849 l.
428 1780 517 1852 llllll
535 1783 587 1851 tit.
607 1781 634 1852 v
652 1782 683 1872 §.
704 1787 724 1850 d
742 1793 810 1853 etc.

267 1884 390 1958 lntinre
414 1910 496 1959 vero
528 1887 801 1981 depositionibus
832 1884 1020 1978 inspectis,
1047 1884 1190 1957 eruebat
1222 1905 1360 1955 causam
1390 1906 1472 1975 per·

194 1989 392 2062 oussionum
419 2003 455 2064 et
478 1993 614 2064 timoris
637 1991 766 2064 incussi
791 1991 834 2062 ab
859 1988 1052 2080 avunculis,
1071 2012 1112 2060 eo
1128 1989 1282 2066 tendisse
1299 2000 1337 2058 ut
1355 1988 1469 2059 Titius

194 2095 229 2164 in
254 2093 373 2166 literas
398 2095 615 2168 incumberet
630 2119 650 2167 a
666 2094 793 2189 quibus
816 2092 1037 2166 abhorrebat.
1063 2092 1169 2164 Porro
1194 2092 1391 2164 buiusmodi
1412 2116 1471 2163 ca-

194 2201 396 2294 stigationes
412 2211 448 2273 et
465 2202 580 2273 minae
604 2201 740 2274 etiamsi
765 2198 912 2271 fuissent
936 2197 1179 2290 gravissimae,
1197 2198 1226 2268 si
1243 2220 1313 2270 non
1338 2196 1469 2269 fuerint

194 2305 309 2376 illatae
325 2306 367 2376 ad
384 2304 481 2375 illurn
508 2306 660 2399 praecise
685 2306 789 2377 linem
814 2303 1041 2396 extorquendi
1065 2324 1295 2386 consensum,
1313 2301 1369 2374 vel
1390 2324 1472 2394 pro·

192 2410 399 2494 fessionem,
427 2433 495 2482 non
520 2423 602 2482 sunt
618 2413 653 2481 in
671 2409 945 2482 consideratione
967 2407 1165 2492 habendae,
1192 2430 1304 2502 neque
1329 2407 1467 2478 irritant

193 2514 462 2607 professionem,
487 2539 552 2587 ceu
575 2515 611 2585 in
636 2537 718 2587 casu
747 2514 879 2586 duriori
908 2514 1113 2607 ponderavit
1143 2514 1233 2585 Rota
1264 2512 1365 2585 decis.
1396 2517 1467 2584 798

191 2642 228 2688 a.
248 2623 290 2689 58
325 2622 381 2690 te.
403 2619 499 2691 Unde
523 2620 629 2690 etiam
654 2617 739 2690 illud
764 2619 798 2690 in
824 2618 899 2690 iure
923 2618 1141 2712 exploratum
1174 2616 1346 2702 babetur,
1371 2621 1467 2713 quod

191 2723 311 2815 siquis
327 2723 542 2816 Religionem
559 2723 764 2818 profitentur
775 2722 818 2794 ad
831 2723 1030 2794 evitandum
1049 2723 1179 2794 malum
1192 2722 1344 2816 aliquod,
1357 2726 1465 2797 etiam

190 2829 422 2921 praegrande,
448 2829 541 2921 quod
557 2829 592 2899 in
609 2828 747 2901 sacculo
771 2827 990 2912 immineret,
1016 2828 1128 2900 valide
1152 2828 1357 2922 profitetur,
1381 2828 1466 2901 licet

190 2931 276 3005 alias
298 2935 516 3026 professurus
542 2957 609 3006 non
635 2933 780 3017 fuisset,
804 2955 869 3005 ceu
888 2932 925 3005 S.
952 2931 993 3005 C.
1018 2933 1059 3006 C.
1085 2935 1122 3004 in
1152 2931 1340 3006 Corduben.
1366 2933 1463 3005 Null.

187 3037 470 3131 praes.281alii
500 3041 584 3112 173¹
615 3041 646 3131 §.
675 3051 723 3109 at.
750 3049 786 3112 et
815 3039 996 3130 Fagnanus
1027 3039 1064 3109 ia
1090 3061 1165 3134 cap.
1187 3038 1218 3108 e·
1243 3039 1320 3134 qais
1352 3041 1397 3109 82
1421 3037 1463 3107 de

194 3140 311 3236 Requi.

258 3247 547 3321 Animadvertens
559 3249 700 3342 insuper
710 3248 803 3342 quod
815 3247 939 3340 reliqui
954 3257 1062 3320 testes
1073 3246 1144 3341 (qui
1158 3247 1202 3319 de
1214 3270 1255 3320 eo
1267 3249 1359 3342 quod
1375 3260 1462 3320 tem·

185 3375 270 3446 pore
293 3355 483 3425 novitiatus
507 3355 661 3426 evenerit
685 3352 931 3446 deponebant)
954 3352 1024 3422 vim
1042 3363 1079 3424 et
1095 3364 1246 3436 metum,
1272 3352 1462 3425 novitiatus

186 3467 343 3548 tempore
362 3457 454 3530 Titio
470 3459 647 3530 incussum
665 3481 734 3530 non
751 3457 982 3539 testabantur,
1001 3456 1167 3548 arguebat
1180 3461 1334 3550 potuisse
1351 3459 1464 3530 libere

186 3560 328 3632 omnino
354 3561 486 3632 Titium
512 3585 549 3634 se
573 3563 804 3635 determinare
828 3563 871 3633 ad
895 3561 1146 3654 profitendum,
1166 3564 1267 3635 etita
1284 3587 1322 3637 se
1345 3576 1464 3636 deter-

185 3663 335 3737 minasse
351 3665 427 3737 erui
442 3689 544 3759 posse
560 3665 723 3738 censebat
740 3689 784 3739 ex
801 3667 873 3760 iugi
889 3665 1027 3738 silentio
1044 3689 1106 3760 per
1128 3668 1325 3761 quindecim
1350 3692 1460 3741 annos

184 3767 274 3839 circa
291 3769 488 3841 huiusmodi
512 3771 760 3863 professionem
785 3770 981 3843 observato.

253 3873 366 3960 Quaen
391 3897 528 3947 rsnrruu
553 3900 733 3948 οιιιιιοιι.-
748 3875 862 3964 Quare
889 3876 1137 3962 concludebat,
1164 3900 1244 3949 cum
1269 3879 1459 3952 nullimode

183 3993 319 4051 constet
334 3980 378 4053 de
394 3981 429 4052 vi
446 3995 482 4054 et
506 3995 603 4055 metu
627 3983 670 4054 ad
694 3983 926 4077 profitendum
953 3983 1069 4067 illato,
1095 3984 1277 4058 deficiente
1302 3985 1455 4079 qualibet

182 4082 247 4154 alia
273 4108 398 4171 causa,
424 4109 513 4180 quac
537 4090 738 4181 ceteroquin
767 4090 967 4182 gravissima
992 4091 1034 4160 ad
1059 4091 1326 4185 dispensandum
1351 4115 1456 4188 super

181 4190 245 4259 ltac
261 4213 299 4264 re
315 4215 391 4265 esse
406 4193 524 4279 debet,
535 4193 664 4266 blascat
680 4195 716 4266 ia
733 4197 797 4266 ins.
819 4193 903 4267 Coa.
921 4192 945 4264 l.
965 4197 985 4266 3
1003 4197 1055 4265 tit.
1075 4198 1096 4268 3
1113 4220 1148 4266 a.
1168 4201 1224 4268 29.
1244 4197 1397 4272 Sancbez
1414 4199 1459 4270 dc

181 4296 329 4365 matrim.
351 4295 440 4368 tius
456 4296 542 4394 disp.
555 4303 589 4368 8.
602 4299 632 4388 §.
647 4297 808 4370 8.locum
832 4299 924 4370 baud
945 4321 1021 4370 csse
1043 4301 1252 4392 apostolicae
1276 4302 1457 4396 dispensa-

181 4397 297 4470 tionis.
316 4400 531 4474 Desiderium
549 4404 643 4474 enim
659 4403 857 4497 acquirendi
882 4402 1067 4497 pristinam
1092 4403 1305 4491 libertatem,
1323 4407 1451 4480 faculta
