3282 5008
615 444 798 494 nuutrrtrrs
814 447 1009 494 utroruorm.
1382 425 1452 496 tta

179 564 274 616 mere
298 543 376 616 lacit
399 545 555 616 animum
579 546 743 619 domicilii
768 550 994 643 adipiscendi.
1015 550 1104 621 llinc
1123 551 1260 642 quando
1277 564 1320 623 de
1336 550 1455 622 animo

177 663 333 733 constat,
351 673 462 744 neque
483 653 613 723 mensis
637 657 830 726 censendus
845 668 899 726 est
915 656 1148 737 necessarius,
1176 655 1279 726 sicuti
1297 667 1454 727 econtra

179 773 291 845 neque
315 756 444 826 mensis
468 756 618 849 spatium
644 772 736 829 esset
763 759 939 830 sufficiens
961 760 990 828 si
1015 759 1058 830 de
1082 760 1198 830 auimo
1223 781 1291 830 non
1316 772 1456 831 consta-

179 870 253 942 ret3
276 871 312 930 et
344 860 503 952 exempla
533 861 765 933 afferebantur
788 865 823 934 S.
851 863 891 934 C.
918 863 957 934 C.
989 886 1051 957 per
1079 863 1277 957 Faguaoum
1305 866 1451 956 allegato

179 961 214 1031 in
239 965 351 1057 capite
374 965 574 1058 sipnifioouit
591 992 625 1036 a.
645 970 688 1038 37
714 983 746 1038 at
766 991 856 1062 seqq.
876 969 922 1038 ibi
943 997 958 1036 u
976 969 1215 1040 Traiectenscs
1240 973 1293 1038 vir
1316 983 1351 1040 et
1375 993 1449 1040 mu-

182 1094 198 1134 u
213 1069 276 1141 lier
300 1072 464 1142 timentes
488 1071 775 1164 impedimentum
801 1098 820 1144 a
846 1075 1048 1166 parentibus
1068 1097 1147 1146 cum
1165 1075 1206 1145 ad
1225 1076 1371 1145 vicinam
1397 1099 1451 1145 ur·

181 1175 289 1247 »bern
322 1179 572 1269 Aquisgranam
599 1202 636 1250 se
661 1180 907 1262 contulissent,
933 1193 969 1252 et
993 1181 1040 1251 ibi
1067 1180 1264 1273 aliquandiu
1294 1182 1450 1264 morati,

181 1284 470 1353 »matrimonium
496 1286 771 1367 continuissent,
798 1285 833 1356 S.
859 1285 985 1378 Congu.
1012 1287 1170 1357 consulta
1200 1309 1304 1379 super
1332 1286 1453 1357 validi·

180 1413 195 1451 u
213 1400 302 1469 tate,
324 1389 460 1459 censuit
475 1389 739 1482 exprimendum
760 1404 899 1483 tempus
915 1413 984 1484 quo
1004 1393 1248 1464 contrahentes
1265 1393 1453 1484 Aquisgra-

178 1518 275 1566 »nae
301 1509 514 1566 manserunt.
543 1495 641 1582 Quod
674 1497 702 1566 si
734 1497 839 1568 luerit
866 1499 989 1570 saltem
1015 1500 1117 1569 unius
1142 1500 1272 1570 mensis
1302 1499 1451 1570 dandam

177 1625 286 1673 cesse
311 1602 519 1674 decisionem
553 1626 615 1695 pro
640 1603 841 1688 validitate,
875 1603 961 1674 alios
989 1605 1030 1676 dc
1058 1629 1139 1676 nouo
1172 1605 1386 1700 referendum
1412 1607 1449 1674 in

178 1731 194 1772 a
211 1704 504 1798 Conprcpotiooc.a

245 1811 362 1905 Neque
386 1814 517 1907 pariter
534 1815 685 1898 obstare,
704 1817 989 1898 contendebatur,
1001 1817 1212 1887 matrimonii
1233 1815 1377 1908 praelati
1395 1839 1447 1886 va·

175 1917 313 2001 liditati,
329 1921 504 2002 fraudem,
522 1944 603 2014 qua,
623 1935 662 1992 ut
678 1923 909 1994 declinaretur
920 1923 1131 2014 sponsalium
1145 1923 1446 2014 impedimentum,

175 2025 209 2093 in
234 2025 336 2098 aliam
369 2027 563 2120 paroeciam
595 2029 807 2100 domicilium
842 2028 990 2099 electum
1017 2029 1152 2099 luerat:
1179 2027 1323 2098 cuilibet
1354 2027 1447 2096 enim

175 2131 381 2220 permissum
405 2143 476 2216 est,
502 2155 579 2205 sese
602 2134 759 2205 conlerrc
784 2133 826 2203 ad
851 2132 1076 2202 habitandum
1102 2132 1182 2214 ubi,
1201 2147 1236 2203 et
1260 2131 1398 2224 quando
1415 2131 1447 2202 ei

174 2233 318 2328 placeat.
343 2237 473 2330 Ursaya
497 2237 559 2307 loo.
586 2240 643 2309 cit.

243 2341 446 2424 Postremo,
478 2343 772 2434 subiungantur,
807 2343 911 2412 etiam
947 2345 980 2413 in
1009 2345 1269 2436 hypothesiqua
1302 2341 1447 2433 praelati

172 2448 290 2538 spousi
303 2448 357 2517 ius
372 2449 641 2540 parochialitatis
654 2472 695 2520 eo
708 2449 742 2516 in
755 2448 883 2539 oppido
900 2471 967 2519 nou
985 2450 1264 2540 acquisivissent‚
1285 2469 1351 2516 nou
1370 2446 1449 2516 idco

171 2552 434 2622 matrimonium
458 2555 595 2623 irritum
616 2553 783 2624 declarari
800 2553 937 2626 debere.
954 2552 1198 2622 Adducebatur
1221 2550 1313 2622 enim
1339 2549 1447 2620 veluti

171 2653 323 2736 lactum,
343 2655 473 2727 Titium
499 2657 568 2726 iam
585 2680 603 2726 a
621 2657 778 2749 pluribus
799 2659 899 2728 annis
924 2656 1115 2727 deseruisse
1140 2655 1282 2746 originis
1305 2653 1449 2724 domici-

170 2759 270 2840 lium,
289 2761 490 2855 uullumque
508 2762 671 2853 deinceps
683 2761 788 2844 aliud,
803 2785 847 2834 ne
860 2775 939 2854 post
951 2760 1149 2852 coniugium
1163 2760 1316 2852 quidem,
1331 2759 1449 2850 acqui-

171 2865 223 2934 siv
239 2887 305 2936 sse.
327 2865 423 2937 Unde
445 2889 540 2936 more
558 2889 721 2958 vagorum
740 2868 869 2958 absque
887 2864 1061 2935 domicilio
1086 2863 1344 2934 matrimonium
1370 2884 1448 2932 con·

171 2971 307 3042 trahere
326 2985 476 3063 poterut,
495 2993 611 3042 coram
628 2971 783 3063 quolibet
808 2971 901 3042 orbis
926 2969 1087 3063 parocho.

243 3073 375 3162 Quibus
400 3077 545 3169 aliisque
570 3077 745 3149 cumulate
769 3077 954 3170 disputatis
971 3077 1007 3146 in
1029 3073 1196 3144 auxilium
1222 3071 1449 3144 invocabatur

171 3179 300 3252 alitii
324 3183 564 3254 defensoribus
593 3185 728 3254 sanatio
767 3182 979 3254 matrimonii
1009 3181 1042 3249 in
1072 3179 1186 3250 radice
1219 3178 1248 3248 si
1280 3200 1344 3270 pro
1376 3201 1449 3249 ma·

174 3287 326 3359 trimonii
356 3287 519 3360 nullitate
542 3288 578 3358 S.
604 3287 833 3382 Congrcgatio
857 3289 1041 3358 decernere
1067 3283 1270 3355 censuisset.
1303 3283 1352 3354 De
1376 3306 1446 3374 qua

174 3393 253 3464 vide
276 3395 511 3486 Appendicem
536 3395 608 3465 Vll.

241 3496 400 3568 Dcrensro
426 3522 664 3582 uuarsa1s,ruo
691 3523 873 3568 arraruouu
901 3493 1267 3566 nutatura-Multo
1292 3492 1449 3585 prolecto

172 3603 331 3695 graviora
349 3628 411 3697 pro
428 3603 587 3676 nullitate
605 3603 816 3673 matrimonii
833 3601 1028 3672 militabant
1053 3601 1226 3670 rationum
1252 3609 1447 3676 momenta,

170 3732 260 3801 quae
272 3709 374 3780 allata
388 3723 470 3780 sunt
482 3732 544 3801 per
552 3708 879 3780 CaiaeDelensores.
893 3709 1049 3799 hllegato
1060 3706 1151 3776 enim
1162 3707 1196 3774 in
1210 3702 1446 3796 primisConc.

171 3813 364 3886 Tridentini
389 3816 529 3887 decreto
553 3839 632 3886 sess.
652 3819 695 3884 ll
713 3839 742 3885 c.
762 3819 781 3884 6
799 3814 840 3884 dc
856 3814 1005 3907 Reform.
1028 3812 1174 3882 blotrim.
1194 3832 1261 3901 quo
1279 3808 1448 3878 sancitur:

173 3949 189 3982 α
206 3920 265 4011 qui
281 3921 383 3992 aliter
402 3941 506 4012 quam
531 3932 714 4012 praesent-e
736 3920 901 4011 parocho,
924 3918 977 3988 uel
997 3917 1064 3988 alio
1084 3914 1262 3986 sacerdote
1279 3913 1321 3983 de
1338 3912 1450 4004 ipsius

174 4026 345 4117 »parochi
370 4048 432 4096 seu
449 4023 624 4096 Ordinarii
648 4023 810 4104 licentia,
837 4035 872 4093 et
897 4020 1031 4092 duobus
1057 4020 1110 4090 vel
1137 4018 1249 4087 tribus
1274 4015 1447 4099 testibus,

172 4132 465 4202 »matrimonium
489 4131 693 4202 contrahere
724 4129 966 4210 attentabunt,
994 4149 1053 4197 eos
1078 4137 1196 4195 sancta
1222 4121 1380 4214 Synodus
1404 4122 1448 4192 ad

172 4238 254 4308 »sic
277 4236 550 4310 contrahendum
575 4236 716 4308 omnino
741 4233 910 4304 inhabiles
935 4233 1063 4314 reddit,
1091 4242 1126 4302 et
1150 4227 1348 4298 huiusmodi
1365 4248 1447 4296 con·

172 4356 337 4414 »tractus
365 4343 483 4413 irritos
507 4353 543 4414 et
566 4341 682 4412 nullos
707 4363 781 4412 csse
806 4337 1025 4408 deceruit...u
1047 4333 1248 4428 praemisso,
1274 4331 1365 4424 quud
1390 4328 1448 4398 hic

169 4451 340 4542 parochus
364 4449 488 4521 debeat
504 4470 579 4518 esse
595 4446 766 4542 parochus
782 4443 984 4514 alterutrius
1000 4440 1130 4536 sponsi,
1146 4451 1249 4532 prout
1274 4436 1404 4532 pluries
1425 4457 1445 4504 a
