3248 5004
189 476 232 542 tc
727 489 872 538 arrasum
898 489 930 534 u.

187 601 257 661 tire.
284 603 326 663 Ex
351 619 415 682 qno
439 599 557 681 puellae
581 616 730 660 consensu
755 599 796 658 ita
847 596 971 671 civilis,
994 594 1136 657 videlicet
1156 591 1238 652 iuxta
1261 591 1348 665 tepens
1372 606 1452 646 usu.

186 699 795 782 extorto,quireptnsuaturarnnonde·
849 703 882 761 G.
899 701 934 759 cle
954 708 1031 775 rapt.
1050 703 1127 772 uiro.
1146 711 1225 774 quae
1246 692 1315 752 ideo
1337 691 1458 767 gravis·

185 804 296 880 struit,
319 804 520 880 consequitur
541 802 651 873 etiem,
676 800 794 861 viotcn-
847 803 935 862 simas
959 816 1075 880 poenas
1099 800 1130 859 in
1157 802 1293 875 raptores
1320 790 1459 853 mulieris

186 905 290 966 tisma
307 906 374 966 viro
397 905 500 965 inlerri
517 904 576 964 illis
589 903 647 963 sub
662 919 794 981 quorum
849 903 977 965 volentis
992 900 1285 976 comminatur,quiu
1298 899 1453 968 teuniter-

187 1012 338 1084 potestate
360 1005 459 1085 puelle
484 1011 576 1066 extat.
601 1003 796 1066 Subtrahitur
848 1005 886 1067 be
900 1004 985 1082 legis]
1002 1005 1054 1062 too
1071 1008 1164 1079 ipsum
1185 1000 1258 1060 cette
1279 998 1448 1071 mulierum,

185 1111 265 1169 enirn
278 1107 377 1187 puella
389 1125 406 1169 a
420 1115 581 1186 parentum
595 1112 756 1188 potestate,
765 1113 796 1168 ct
847 1109 885 1167 ab
900 1108 1010 1167 insidiis
1023 1105 1187 1181 nequissimi
1200 1103 1320 1161 tamtus
1329 1103 1379 1175 qut
1391 1117 1456 1157 me·

186 1211 217 1270 in
235 1227 357 1271 manum
374 1212 506 1288 rupturis
519 1209 591 1271 dolo
608 1209 792 1270 traducitur.
848 1212 957 1270 ditatur
976 1213 1107 1284 rupinum
1129 1205 1292 1264 inducitur:
1308 1206 1362 1260 uisi
1378 1205 1455 1258 euim

186 1314 286 1373 Porro
308 1313 392 1372 iuxta
414 1311 472 1372 hos
491 1311 639 1372 terminos
655 1308 796 1372 censebat
848 1320 947 1388 ruptor
963 1329 1025 1370 eum
1043 1310 1240 1369 sollicitaverit
1276 1295 1459 1363 uise‘orliosr's

187 1413 366 1490 consultor,
396 1413 556 1474 formalem
581 1419 615 1474 ut
635 1413 719 1473 aiunt
741 1429 795 1472 ra·
847 1415 957 1472 ortibus
979 1415 1195 1471 circumvenerit
1219 1427 1274 1467 nau
1290 1405 1366 1480 jacit
1389 1423 1451 1462 eom

188 1520 274 1593 ptum
298 1513 460 1576 verificari.
478 1515 547 1575 Diri
564 1515 647 1576 iuxta
663 1513 721 1574 hos
736 1518 796 1574 ter·
847 1517 921 1577 uelle
936 1520 966 1574 in
982 1523 1089 1574 tuntum
1106 1513 1227 1571 dedecus
1246 1527 1304 1568 rese
1316 1508 1450 1584 prodere.

188 1617 303 1694 minos,
321 1617 375 1695 qui
392 1617 516 1677 omnino
539 1616 793 1690 immutarentur,
911 1618 959 1678 Ad
974 1633 1051 1696 qnae
1070 1612 1162 1675 verba
1175 1612 1251 1690 legis
1272 1611 1395 1670 inarime
1411 1614 1456 1668 at·

187 1718 211 1776 si
229 1723 378 1778 tractatus
393 1716 431 1778 de
448 1716 582 1778 ineundo
600 1716 795 1778 matrimonio
847 1718 978 1781 tendisse
1006 1715 1124 1778 videtur
1144 1717 1174 1775 S.
1195 1715 1229 1776 C.
1248 1730 1343 1791 eaque
1363 1711 1463 1770 vetuti·

187 1819 432 1898 praecessissent.
447 1819 796 1879 cousensuscnimr'nro·
848 1821 1004 1882 criterium
1027 1817 1186 1880 tradidisse
1215 1815 1252 1877 ad
1281 1815 1457 1876 discernen-

185 1931 267 1999 ptum
289 1920 463 1983 absolutes
485 1920 704 1981 Iurisconsulto
722 1937 797 1981 con·
849 1922 904 1983 das
928 1921 1127 1983 abductiones
1147 1915 1278 1998 puellae,
1297 1933 1376 1995 quae
1398 1914 1459 1975 sub

187 2022 351 2098 uideretur,
368 2029 398 2084 et
413 2021 629 2103 praescindita
647 2038 798 2082 consensu
850 2023 977 2086 Concilii
996 2022 1119 2084 decreto
1139 2019 1452 2098 comprehenduntur.

189 2124 309 2204 puellae
330 2123 361 2184 in
383 2123 623 2184 matrimonium.
649 2123 699 2184 nit
718 2124 798 2183 enim
913 2127 1052 2186 Praestet
1070 2125 1099 2184 in
1118 2123 1174 2183 bec
1196 2122 1321 2182 materia
1344 2119 1461 2181 babere

188 2227 323 2286 aliudest
340 2227 439 2301 raptui
451 2227 615 2298 consentire,
635 2225 720 2284 uliud
734 2241 799 2283 con·
851 2245 924 2308 prae
958 2227 1055 2289 ocutis
1092 2223 1228 2302 exempla
1267 2221 1459 2283 decisionum

189 2332 294 2388 sentire
317 2330 495 2385 uictrtmoaio
513 2333 567 2386 etc.
589 2324 689 2400 Quare
711 2341 800 2384 casus
850 2346 928 2408 quae
945 2334 1014 2407 post
1036 2327 1116 2388 bano
1134 2323 1349 2386 resolutionem
1367 2324 1463 2383 emis·

190 2426 336 2506 lingitur,
357 2427 388 2488 in
413 2444 476 2505 quo
496 2426 602 2506 rapina
618 2425 666 2486 vel
683 2424 797 2486 lurtum
850 2449 901 2493 sae
918 2436 1000 2503 suut,
1023 2446 1119 2507 usque
1134 2427 1172 2489 ed
1188 2431 1288 2487 nostre
1304 2431 1456 2502 tempora.

190 2529 486 2609 mulierisarsptore
495 2527 675 2601 intenditur,
685 2534 719 2588 ut
729 2525 800 2588 iude
914 2532 1076 2610 Reperitur
1086 2529 1232 2609 quaedam
1247 2525 1395 2588 resolutio
1409 2545 1464 2587 sa-

191 2631 319 2708 mutier,
336 2629 393 2691 bec
411 2631 562 2691 rationes
579 2634 730 2708 potestate
746 2643 800 2706 pa·
852 2653 896 2695 cr.
916 2634 950 2695 C.
971 2633 1004 2694 C.
1024 2632 1053 2692 iu
1071 2633 1261 2691 Mediolanum.
1281 2631 1459 2687 enutrimenta

191 2738 313 2793 rentum
329 2738 359 2792 et
376 2738 513 2792 tutorum
529 2730 684 2792 subtracta
721 2736 752 2790 et
768 2730 799 2790 iu
851 2738 911 2796 diei
923 2736 963 2798 20
978 2739 1092 2810 uupustt
1117 2733 1192 2793 1661
1221 2731 1306 2792 cuius
1328 2746 1464 2807 sequens

192 2851 313 2895 manum
335 2833 470 2912 raptoris
492 2831 634 2910 deducta,
650 2833 680 2892 in
696 2831 801 2892 matri·
852 2843 916 2898 erat
930 2837 1001 2898 iacti
1016 2835 1130 2915 species
1144 2861 1155 2884 a
1169 2833 1279 2894 Paulus
1291 2830 1428 2892 Clemens
1442 2851 1462 2892 n

192 2937 329 2996 monium
352 2933 523 2996 consentire
544 2940 684 3012 cogatur.
702 2935 800 2995 Porro

192 3036 277 3098 iuxta
305 3036 363 3098 bos
392 3037 539 3098 terminus
560 3035 647 3097 facile
673 3036 802 3115 quisque

192 3138 342 3200 concedet
358 3136 532 3199 huiusmodi
548 3143 669 3216 raptum
680 3137 737 3198 sub
749 3136 803 3198 de·

193 3246 278 3300 creto
292 3241 418 3302 Consilii
433 3237 664 3319 comprehendi.

259 3343 295 3402 Et
310 3343 340 3402 in
357 3341 435 3403 hane
452 3342 629 3403 sententiam
641 3338 748 3401 cedere
756 3341 802 3400 vi-

193 3441 285 3503 detur
300 3442 429 3521 allegata
446 3443 591 3503 resolutio
607 3445 636 3502 S.
654 3442 688 3502 C.
702 3441 803 3502 serbis

192 3544 266 3605 illis:
284 3543 474 3605 ·Concilium
492 3543 658 3622 procedere
669 3543 759 3604 etiam
771 3544 802 3604 in

199 3671 211 3697 ι
231 3645 357 3706 muliere
374 3646 493 3706 volente
510 3645 578 3704 dum
592 3654 684 3705 tumen
699 3646 739 3706 sit
755 3663 803 3706 rn-

200 3774 212 3799 »
230 3755 303 3827 ptus
319 3747 404 3808 iuxta
423 3747 568 3807 terminos
583 3749 656 3808 iuris
672 3747 800 3808 civilis.»

194 3848 230 3908 ln
245 3866 304 3928 que
318 3847 497 3909 delinitione
520 3848 804 3910 animadvertendae

195 3958 265 4011 sunt
276 3950 443 4028 particulae
453 3948 520 4010 iliae
534 3951 601 4008 dum
613 3958 715 4025 romeu,
726 3967 804 4026 quae

194 4069 264 4112 cum
276 4053 335 4111 sint
343 4050 732 4128 exclusione,adsigniticent
742 4070 803 4112 nun

196 4171 303 4214 omnes
325 4151 526 4213 abductiones
547 4152 802 4213 mulierisroleu-

195 4256 246 4328 tis,
262 4253 481 4333 comprehendi
503 4252 560 4314 sub
582 4253 705 4314 decretu
723 4255 805 4314 Con-

195 4357 256 4418 cilii
273 4356 451 4430 tridentini;
469 4355 519 4416 sed
536 4355 732 4416 solummodo
755 4374 805 4416 eus

194 4459 396 4521 abductiones
413 4458 647 4538 comprehendi,
662 4477 740 4539 quae
757 4478 805 4520 ra·

197 4569 267 4640 ptus
292 4561 439 4623 dicuntur
459 4562 540 4622 inita
564 4563 711 4622 terminos
732 4562 807 4622 iuris

856 2967 869 2990 ι
889 2937 1358 3000 PortaetnnnaMariaaanre
1385 2951 1464 3010 sep·

856 3066 870 3092 ·
890 3038 984 3118 plioes
1003 3038 1073 3099 huic
1091 3039 1120 3098 S.
1137 3037 1290 3114 Congreg.
1306 3034 1378 3095 alias
1391 3052 1465 3094 nar-1

857 3140 997 3202 nrabant
1019 3145 1176 3200 contracta
1202 3139 1283 3198 inter
1305 3154 1337 3197 se
1367 3136 1464 3198 luisse

858 3242 1042 3322 ‚sponsalia
1080 3259 1135 3320 per
1157 3239 1250 3300 verba
1275 3241 1313 3301 de
1339 3240 1461 3301 tuturo..

858 3374 871 3399 s
889 3349 963 3408 Post
976 3361 1048 3404 vero
1067 3343 1162 3404 incias
1173 3348 1234 3403 tres
1246 3341 1465 3402 denunciatio·

858 3476 871 3501 ι
891 3465 944 3508 nes
961 3449 990 3506 in
1012 3445 1160 3506 ceruchis
1183 3445 1259 3518 viri,
1277 3449 1308 3504 et
1324 3442 1401 3503 dues
1429 3447 1460 3502 in

858 3576 871 3602 ι
892 3548 1038 3609 Parocbie
1057 3547 1203 3620 mulieris,
1224 3548 1338 3623 Gaspar
1356 3549 1465 3606 Atinae

858 3677 872 3703 ι
893 3657 976 3728 pater
988 3651 1112 3709 ettrina
1133 3647 1197 3725 ipsa
1216 3645 1350 3706 eiusdem
1367 3647 1466 3723 putris

859 3777 871 3804 ι
889 3749 1033 3827 impulsu,
1051 3767 1107 3826 pro
1125 3748 1304 3807 rescissione
1328 3763 1460 3824 sponsa·

859 3880 871 3902 ι
890 3851 963 3911 lium
979 3847 1254 3912 coruniOrdinario
1271 3848 1459 3910 institerunt.

859 3981 871 4006 s
891 3955 988 4028 Quare
1002 3970 1070 4012 cum
1087 3951 1171 4012 resin
1187 3951 1312 4027 longum
1326 3950 1465 4010 trahere·

861 4061 961 4125 itur,
982 4059 1065 4112 iterna
1084 4056 1174 4112 misso
1200 4051 1312 4112 rruucio
1334 4050 1370 4111 ad
1393 4052 1460 4111 [He-

860 4184 871 4208 i
893 4163 1023 4214 trientem
1043 4153 1154 4214 obtulit
1176 4171 1239 4212 sese
1263 4151 1463 4212 discessuram

860 4285 872 4309 ι
892 4275 908 4316 a
926 4263 1049 4334 paterna
1073 4255 1185 4330 dorric,
1204 4257 1227 4314 si
1248 4257 1311 4332 ipse
1328 4271 1393 4314 eain
1411 4273 1467 4313 se·

861 4386 872 4408 υ
892 4373 959 4417 euin
973 4355 1180 4428 adducturus,
1197 4363 1282 4416 certo
1294 4355 1466 4416 constituto

861 4465 1061 4535 »tenipore,
1096 4475 1191 4536 prope
1221 4457 1346 4518 doricum
1379 4475 1462 4515 suam

861 4587 873 4612 ι
894 4560 1095 4637 [iruestolutus
1111 4566 1200 4619 essct.
1216 4560 1411 4636 Quapropter·
1428 4575 1470 4616 sn
