3248 5004
458 427 623 476 nostrata.
644 425 822 473 mrxmoru
842 426 880 472 ex
901 428 1007 474 cartre
1026 423 1156 475 arctus.
1399 407 1440 474 19

170 532 397 612 miseratione,
414 554 522 624 eoque
546 531 751 602 transmisso
767 531 807 600 ad
821 530 856 599 S.
871 529 910 600 C.
926 528 1084 613 concilii,
1098 554 1201 602 causa
1213 531 1366 604 discussa
1378 529 1446 602 luit

170 638 237 709 sub
259 635 384 710 dubio:
404 660 448 709 an
461 649 637 709 constaret
661 637 703 708 dc
724 636 883 709 nullitate
908 639 1121 710 matrimonii
1149 639 1182 708 in
1208 660 1302 709 casu.

477 903 479 906 .
564 853 807 919 nuncopante
827 851 1047 919 synoptico.

241 1042 396 1114 Dsrsxsro
411 1066 531 1113 vracucr
551 1065 797 1114 rxraraoxrxcrs.
809 1082 854 1094 -
869 1041 1058 1113 Durrrtaxat
1074 1043 1302 1116 delibabimus
1315 1048 1444 1140 praeci-

171 1151 361 1245 puacapita
376 1171 499 1223 eorum
514 1171 602 1241 quae
617 1172 677 1240 per
688 1149 884 1221 defensores
905 1149 1040 1241 copiose
1061 1162 1097 1222 et
1120 1151 1254 1223 erudite
1269 1152 1444 1246 disputata

171 1268 266 1326 suni.

240 1359 409 1433 Defensor
448 1359 576 1429 vinculi
621 1360 881 1430 matrimonialis
917 1362 1128 1434 contendens
1164 1363 1229 1433 hoe
1268 1365 1438 1435 matrimo-

171 1467 265 1536 nium
283 1490 359 1539 esse
384 1464 610 1558 undequaque
637 1467 812 1546 validum,
841 1466 1031 1537 conabatur
1054 1468 1236 1540 ostendere
1265 1469 1350 1539 illud
1377 1471 1445 1540 dici

177 1571 312 1642 irritum
332 1591 401 1638 non
424 1591 549 1662 posse,
575 1593 686 1663 neque
715 1595 758 1643 cx
785 1573 898 1663 eapite
927 1573 979 1641 vis
1011 1584 1045 1643 et
1077 1584 1214 1655 metus,
1253 1596 1365 1666 neque
1402 1599 1445 1646 ex

171 1677 287 1767 capite
311 1689 442 1767 raptus.
472 1676 525 1746 Ad
553 1678 704 1768 primum
737 1677 827 1768 quod
853 1679 979 1748 attinet
1007 1678 1317 1760 animadvertebat,
1337 1682 1445 1772 Agne

171 1793 245 1852 tem
270 1781 364 1852 nulla
383 1804 487 1854 causa
519 1794 688 1863 externa,
725 1805 794 1854 non
826 1783 956 1876 phisica
982 1783 1038 1866 vi,
1072 1805 1183 1876 neque
1212 1787 1332 1856 morali
1366 1789 1444 1858 vio-

170 1886 299 1968 lentia,
325 1911 388 1980 per
415 1889 530 1958 minas
555 1910 679 1980 nempe
719 1901 755 1960 et
794 1911 932 1981 gravem
967 1903 1125 1971 metum,
1167 1891 1210 1962 ad
1246 1892 1445 1984 coniugium

171 1993 363 2065 ineundum
400 1994 508 2064 luisse
545 1993 733 2066 inductam.
764 1995 810 2066 Ut
846 1997 939 2067 enim
978 2019 1022 2068 cx
1057 1998 1123 2068 lroe
1164 1999 1278 2089 capite
1318 1999 1442 2068 matri·

168 2100 328 2171 monium
356 2101 403 2168 sit
426 2099 559 2171 nullum
586 2101 737 2193 exigitur
762 2101 924 2196 (aiebat)
955 2116 995 2173 ut
1029 2102 1204 2174 obiectum
1233 2117 1367 2188 metus,
1400 2107 1446 2176 sit

166 2205 336 2276 damnum
359 2227 483 2297 grave,
510 2218 545 2277 et
569 2219 703 2278 metum
733 2207 904 2280 incutiens
937 2209 1046 2302 possit
1070 2210 1124 2280 vel
1149 2210 1271 2282 saltem
1303 2224 1447 2304 putetur

167 2333 272 2404 posse
288 2310 400 2382 minas
415 2313 552 2404 exequi,
580 2324 616 2384 et
633 2327 671 2382 ut
688 2313 773 2384 istae
791 2314 903 2386 minae
921 2336 988 2384 non
1018 2314 1118 2386 lacile
1141 2316 1287 2387 devitari
1312 2318 1447 2408 possint

167 2440 233 2510 per
245 2440 422 2489 recursum
435 2418 477 2489 ad
490 2418 697 2510 superiores,
711 2431 872 2512 parentes
884 2421 938 2491 vel
951 2421 1099 2492 amieos:
1114 2423 1199 2494 hacc
1216 2423 1330 2494 omnia
1343 2446 1447 2516 porro

168 2525 207 2594 in
224 2547 307 2596 casu
323 2547 392 2595 non
411 2524 687 2608 verificabantur,
710 2549 789 2596 eum
807 2527 922 2619 Agnes
946 2529 1115 2599 electione
1139 2530 1290 2622 propria,
1310 2543 1345 2601 et
1362 2529 1444 2602 laeti

166 2632 443 2704 consideratione
472 2643 512 2701 ut
543 2631 682 2726 proprio
705 2633 828 2712 honori
855 2632 1050 2706 consuleret
1080 2636 1341 2705 matrimonium
1365 2657 1447 2708 con·

166 2737 288 2806 traxit.

239 2839 460 2912 Contendens
477 2840 617 2934 insuper
633 2842 816 2916 excludere
845 2854 965 2936 raptus
989 2843 1289 2936 impedimentum,
1307 2859 1445 2940 praeter

166 2945 237 3016 alia
251 2967 340 3037 quae
357 2945 392 3014 in
409 2943 499 3017 lacto
516 2948 753 3028 adnotaverat,
778 2948 965 3040 praemissa
993 2962 1172 3019 auctorum
1194 2950 1351 3022 doctrina
1378 2953 1447 3022 do-

166 3051 343 3123 centium:
362 3050 431 3123 duo
446 3052 572 3126 debere
588 3075 793 3126 concurrere
809 3054 851 3124 ad
876 3066 996 3145 raptus
1016 3055 1302 3149 impedimentum
1320 3058 1447 3126 eonsti-

167 3155 352 3238 tuendum,
370 3158 588 3230 renuentium
613 3180 740 3251 nempe
757 3159 923 3242 mulieris,
951 3170 986 3231 et
1011 3161 1177 3252 phisicam
1203 3161 1448 3233 abductionem

170 3262 328 3333 eiusdem
344 3263 387 3336 de
413 3263 490 3335 loce
518 3263 561 3334 ad
577 3265 691 3336 locum
721 3288 741 3334 a
769 3277 906 3358 raptore
934 3278 1189 3359 perpetratam3
1215 3268 1446 3340 contendebat

169 3368 355 3442 ostendere
370 3381 559 3462 utrumque
575 3382 771 3443 extremum
789 3372 824 3441 in
853 3372 916 3442 hac
944 3394 1047 3444 causa
1062 3371 1222 3444 delicere.
1255 3372 1449 3445 Deliciebat

169 3475 335 3547 violentia
356 3499 400 3547 ex
416 3487 516 3568 parte
532 3477 611 3558 viri,
637 3477 807 3570 siquidem
837 3480 950 3569 Agnes
975 3479 1078 3548 matri
1097 3490 1132 3550 ct
1150 3479 1338 3550 educatrici
1364 3501 1449 3550 con·

168 3581 325 3652 sentiens
340 3581 384 3651 ad
400 3581 541 3652 domum
566 3582 760 3675 Sempronii
785 3583 885 3654 initio
909 3585 1079 3666 accessit,
1106 3596 1143 3656 et
1166 3606 1235 3654 non
1261 3584 1329 3655 luit
1352 3583 1451 3656 Sem·

169 3687 314 3778 pronius
340 3686 401 3778 qui
429 3687 499 3756 vim
529 3689 654 3781 Agneti
687 3687 831 3767 intulit,
860 3701 899 3759 ut
923 3689 958 3758 in
985 3690 1161 3784 propriam
1191 3689 1334 3761 domum
1369 3712 1447 3760 cam

168 3790 386 3862 transferret.
406 3790 623 3886 Proindeque
648 3792 879 3865 contendebat
895 3795 1014 3866 deesse
1039 3795 1178 3864 initium
1196 3807 1328 3888 raptus,
1351 3796 1442 3887 quod

169 3897 311 3966 omnino
336 3897 371 3964 in
401 3897 455 3966 his
483 3900 598 3968 causis
622 3898 745 3992 inspici
770 3898 884 3971 debet.
912 3899 1065 3972 Sancbez
1090 3899 1113 3968 l.
1136 3904 1154 3970 7
1181 3899 1267 3996 disp.
1292 3903 1333 3972 13
1358 3924 1393 3970 a.
1424 3906 1447 3971 ll

169 4001 213 4072 dc
236 4001 386 4070 matrim.

241 4104 330 4177 Dato
357 4106 520 4200 insuper,
550 4107 837 4201 prosequebatur,
862 4110 954 4201 qood
977 4121 1089 4181 mater
1113 4109 1256 4201 Agnetis
1281 4120 1448 4203 tanquam

170 4211 366 4304 Sempronii
379 4212 603 4295 mundatoria,
615 4212 721 4283 filiam
734 4213 813 4285 dolo
827 4215 1002 4288 induxerit
1015 4215 1055 4286 ad
1070 4215 1133 4284 viri
1146 4215 1301 4298 donrum,
1313 4238 1381 4286 oon
1397 4229 1447 4287 ta·

169 4338 252 4388 men
269 4315 505 4390 verificaretur
520 4329 653 4411 raptus,
672 4341 716 4389 ex
736 4321 883 4412 eoquod
904 4332 1071 4392 tractatus
1087 4321 1131 4391 de
1154 4319 1305 4392 ineundo
1327 4323 1447 4391 matri·

169 4421 289 4493 monio
305 4422 569 4518 praecesserint,
587 4443 657 4515 quo
673 4422 711 4492 in
727 4445 822 4508 casu,
842 4425 957 4495 citatis
981 4425 1192 4508 auctoribus,
1222 4427 1312 4498 ratio
1325 4439 1448 4519 raptus

1332 4533 1351 4568 Ι
