3248 5004
506 321 753 371 osseussnarosts
777 324 872 371 suren
899 319 1183 370 raaeaucustrars.
1429 297 1476 366 89

204 422 385 496 acervitio
408 424 584 498 Ecclesiae
617 426 742 499 llontis
772 428 812 498 C.
842 428 1031 522 praestito,
1062 427 1204 519 dignum
1237 422 1346 518 grstia
1370 445 1479 517 quam

205 528 406 622 simploiat
428 531 697 604 existimarem.»

276 635 374 706 Varia
398 659 439 705 ea
464 635 576 728 officio
599 637 754 728 exempla
782 659 847 708 non
872 637 1056 707 admodum
1074 661 1092 706 a
1111 635 1284 728 praesenti
1309 656 1390 706 casu
1407 631 1478 702 dis·

203 739 352 824 similia,
378 741 413 812 S.
434 739 474 811 C.
501 741 801 834 proponebantur,
834 742 867 811 in
900 741 1029 834 quilius
1052 741 1125 812 EE.
1152 739 1272 812 Patres
1298 736 1480 809 lurorahili

206 845 377 938 rescripto
400 837 657 937 responderant.

274 947 546 1024 Responsa-rs.
574 948 800 1042 Congregatio
825 948 969 1020 Consilii
998 948 1053 1020 die
1082 951 1125 1018 tu
1156 947 1358 1026 Nouembris
1386 949 1472 1016 tstt

204 1053 284 1122 huic
301 1053 458 1144 petitioni
472 1075 535 1146 per
550 1054 734 1123 summario
746 1076 887 1148 precam
913 1055 1091 1147 expositae
1108 1053 1245 1124 censuit
1265 1049 1477 1123 rescribere:

206 1157 393 1230 Dummodo
416 1159 500 1230 adsit
520 1158 639 1254 populi
660 1159 853 1240 necessitas,
869 1173 901 1230 et
917 1157 1060 1230 celebret
1084 1181 1160 1229 crim
1177 1157 1374 1228 adsistentia
1392 1153 1479 1226 alte·

205 1265 276 1331 rins
300 1261 488 1334 Sacerdotis
515 1260 569 1333 vel
593 1263 752 1344 Diaconc',
782 1287 844 1358 pro
871 1263 982 1356 pratia
1006 1261 1262 1357 dispensationis
1286 1274 1317 1329 et
1342 1257 1477 1328 relabi·

204 1365 367 1435 litarionis
391 1367 591 1438 remittenda
614 1367 752 1437 arbitrio
777 1383 809 1438 et
830 1367 1033 1463 prudentiae
1060 1365 1236 1460 Episcopi,
1255 1365 1345 1459 [acto
1376 1361 1477 1432 aerbo

204 1492 279 1540 cum
305 1468 520 1541 sanctissimo
544 1473 608 1562 (t).

710 1765 958 1790 —--e·--

353 2019 710 2093 ntsrunsartotrts
734 2019 879 2092 SUPER
904 2019 1320 2092 tttttEGULntttTnTE.

274 2260 322 2313 vie
339 2265 371 2312 23
390 2259 520 2312 Ionnartt
540 2265 616 2314 teet.

269 2544 491 2595 *unimam
512 2556 685 2608 peneum.
709 2529 917 2602 Adolescens
941 2527 1046 2599 Caius
1069 2529 1187 2600 decem
1207 2539 1242 2600 et
1259 2540 1338 2600 octo
1363 2551 1478 2600 anneis·

199 2645 304 2703 natus
328 2647 363 2705 et
388 2636 423 2704 iu
446 2633 638 2706 Seminane
672 2635 914 2707 ecclesiasticis
947 2634 1137 2728 disciplinis
1162 2659 1299 2728 operam
1327 2657 1475 2714 narrans,

198 2759 280 2808 cum
304 2761 323 2808 a
349 2738 468 2829 primis
499 2742 625 2810 aetatis
654 2762 735 2809 suae
765 2740 863 2809 annis
895 2738 1037 2809 dextera
1062 2739 1097 2808 in
1123 2761 1226 2810 manu
1255 2740 1476 2810 adustionem

199 2861 384 2934 perpessus
408 2855 512 2925 esset,
540 2845 589 2914 ita
605 2857 644 2913 ut
659 2842 813 2915 eiusdem
839 2865 961 2914 mantas
985 2843 1098 2936 pollex
1124 2857 1159 2914 et
1184 2844 1287 2914 index
1312 2843 1403 2913 haud
1424 2841 1478 2912 le·

199 2944 291 3015 viter
314 2945 396 3017 laesi
421 2946 570 3030 luerint,
597 2947 786 3041 supplicem
820 2945 973 3018 libellum
999 2947 1041 3017 R.
1067 2948 1225 3020 Pontifici
1258 2949 1406 3030 obtulit,
1434 2959 1475 3018 ut

199 3071 280 3120 cum
311 3052 387 3136 iaso
411 3074 513 3143 super
538 3054 789 3146 irregularitate
822 3055 1020 3145 dispensare
1055 3055 1265 3146 dignaretur.
1296 3053 1477 3124 Remissae

199 3153 339 3228 luerunt
362 3179 481 3248 preces
511 3158 552 3226 ml
584 3160 736 3231 ciusdem
763 3159 994 3252 Episcopum,
1021 3161 1079 3253 qui
1113 3157 1216 3229 simul
1249 3171 1389 3250 rogatus
1419 3169 1475 3229 est

199 3272 240 3329 ut
264 3273 382 3332 votum
406 3261 583 3332 emitteret
634 3277 670 3334 et
694 3263 838 3336 referret
862 3277 989 3356 utrum,
1005 3276 1144 3359 peracto
1169 3286 1282 3334 coram
1309 3261 1369 3333 SS.
1389 3262 1478 3333 Cae·

200 3367 431 3439 remoniarum
457 3367 616 3459 Magistro
642 3369 818 3451 examine,
846 3385 1057 3441 memoratus
1081 3369 1237 3440 deiectus
1254 3369 1338 3438 adeo
1361 3368 1479 3460 gravis

199 3484 312 3555 esset,
338 3483 377 3540 ut
401 3472 687 3565 impedimentum
708 3475 742 3543 in
763 3473 876 3546 Sacris
899 3476 1102 3567 praeberet,
1126 3486 1187 3543 aut
1211 3473 1473 3543 admirationem

199 3587 236 3644 et
261 3577 503 3649 increrentiae
528 3579 720 3670 periculum
738 3580 770 3649 in
789 3581 915 3674 populo
941 3581 1123 3659 excitaret,
1141 3592 1216 3649 tum
1235 3601 1316 3648 rere
1332 3577 1473 3647 doceret

199 3679 242 3750 de
266 3693 378 3753 aetate
404 3684 557 3754 moribus
582 3696 618 3756 et
641 3685 784 3758 scientia
814 3687 985 3779 petentis,
1004 3687 1046 3757 de
1065 3685 1240 3756 Ecclesiae
1268 3682 1477 3754 necessitate

198 3798 235 3855 ct
260 3787 430 3869 utilitate,
449 3803 485 3860 et
502 3791 639 3862 tandem
658 3803 775 3862 utrum
792 3789 916 3862 Orator
940 3791 1155 3863 adustionem
1181 3813 1304 3860 manus
1320 3813 1363 3859 ex
1380 3786 1476 3858 sacto

197 3888 340 3982 culposo
364 3911 486 3982 passus
510 3908 614 3966 esset.

259 4083 298 4145 (1)
313 4081 428 4149 Quando
438 4085 538 4150 gratiae
547 4087 683 4140 concessio
691 4085 808 4140 lerituli·
854 4103 914 4140 cam
925 4088 1017 4142 SSrlto.
1033 4087 1092 4154 Qun
1109 4083 1243 4150 formula,
1262 4084 1416 4152 iniungitur
1427 4083 1474 4136 Se·

197 4163 270 4230 quod
290 4164 355 4217 iuris
373 4165 502 4232 placitum
520 4181 602 4237 super
623 4184 676 4237 qtro
698 4169 807 4237 dispen·
855 4171 1022 4237 cretario,ut
1035 4169 1190 4237 rescriptum
1208 4169 1235 4222 S.
1251 4166 1477 4236 congregationis

195 4246 276 4300 sandi
294 4247 449 4304 facultatem
462 4253 605 4306 nonhabet
619 4255 646 4307 S.
659 4255 702 4318 C.,
715 4253 809 4308 adiun·
856 4252 952 4307 reserat
962 4255 989 4306 S.
998 4254 1131 4319 Pontittei,
1145 4255 1189 4322 qui
1199 4251 1352 4320 ceteroquin
1363 4252 1391 4305 S.
1402 4251 1473 4304 Con·

196 4329 274 4398 gitur
298 4332 431 4387 abeodem
441 4336 505 4390 sc.
514 4335 719 4402 clatrsutasnrto
729 4337 810 4390 cerdo
858 4338 1019 4406 gregorianis
1038 4336 1166 4392 iudicium
1186 4335 1334 4408 approbare
1352 4333 1431 4391 solet.
