3282 5008
529 441 694 492 atstotttt.
713 443 751 492 et
775 443 900 491 curvat.
919 439 1099 490 rattruut.

582 673 825 740 Disceptatio
845 673 1064 738 synoptico.

250 875 406 948 benenato
419 873 570 946 Geronton
584 897 787 945 essenus-
796 873 885 945 Tum
895 871 1141 956 Canonicusrl,
1154 882 1230 942 tum
1239 866 1453 961 Capitulum,

181 984 398 1056 defensorem
423 985 457 1054 in
482 981 576 1054 Urbe
601 1005 665 1075 pro
688 984 752 1054 bac
776 1005 879 1053 causa
904 981 1175 1052 constituerunt.
1201 976 1370 1050 Defensor
1392 973 1456 1044 Ca·

182 1089 296 1160 noniei
321 1087 552 1158 contendebat
576 1087 710 1178 primo,
738 1086 868 1158 nullam
893 1086 1025 1157 censeri
1051 1085 1175 1156 debere
1192 1081 1370 1154 fruetuum
1388 1079 1456 1171 pri·

182 1194 357 1263 rationem
380 1190 424 1261 ab
448 1189 622 1283 Episcopo
654 1190 855 1274 decretam,
882 1213 923 1262 eo
947 1189 1037 1282 quod
1063 1189 1266 1261 observatae
1291 1207 1359 1256 uon
1383 1182 1457 1254 iuc-

184 1311 261 1367 rant
286 1298 415 1368 iormae
440 1296 695 1388 praescriptae,
722 1318 810 1388 quae
835 1296 1014 1392 praeteriri
1039 1306 1229 1388 nequeunt.
1243 1291 1458 1365 Obervabat

185 1404 277 1473 enim
301 1424 446 1495 poenam
465 1402 669 1494 privationis
685 1425 753 1472 non
769 1425 846 1473 esse
862 1403 974 1484 latae,
993 1401 1053 1474 sed
1070 1399 1230 1474 ferendae
1252 1397 1457 1479 sententiae,

185 1520 224 1577 ut
247 1520 391 1600 apparet
416 1529 459 1577 ex
485 1507 590 1578 verbo
610 1507 765 1602 privetur
789 1508 825 1576 in
849 1507 990 1578 decreto
1014 1504 1161 1576 Concilii
1183 1503 1278 1575 Trid.
1306 1500 1459 1573 adhibito

183 1638 262 1685 scas.
284 1619 327 1684 tt
345 1637 418 1708 cop.
442 1617 483 1685 li
505 1613 546 1683 de
568 1613 718 1708 Reform.
736 1640 752 1682 u
768 1612 991 1685 obtinentibus
1007 1612 1186 1706 diquitatea
1201 1609 1458 1681 canonicatus...

180 1741 251 1787 non
279 1717 377 1788 liceat
411 1713 503 1787 uitro
540 1732 608 1787 tres
638 1740 770 1787 merasce
800 1715 841 1788 ab
872 1717 992 1788 iisdem
1021 1713 1168 1787 ecclesiia
1198 1712 1342 1810 quolibet
1373 1734 1461 1782 anno

180 1822 338 1892 abesse...
354 1820 512 1915 Alioquin
531 1823 645 1918 primo
667 1846 756 1893 anno
777 1823 933 1917 privetur
952 1821 1178 1918 uittasquisque
1201 1819 1346 1889 dimidia
1366 1830 1462 1913 porte

185 1929 396 2019 fructuum.»

257 2031 380 2115 Porro,
405 2032 652 2124 subiungebat,
671 2055 810 2104 amiram
829 2055 992 2115 uacuam,
1011 2055 1100 2124 quae
1120 2032 1262 2122 irrogari
1282 2030 1386 2103 debet
1402 2052 1463 2123 per

184 2137 397 2206 sententiam
415 2135 557 2220 iudicis,
573 2137 782 2209 secumserre
807 2137 999 2208 necessario
1024 2135 1271 2228 praefixionem
1296 2133 1462 2213 termini,

185 2265 256 2334 quo
281 2265 362 2313 reus
387 2243 513 2313 iustam
537 2265 678 2314 causam
703 2243 807 2313 iudici
832 2241 995 2314 exhibere
1020 2243 1130 2333 possit
1154 2242 1196 2313 ad
1225 2262 1372 2334 poenam
1398 2239 1466 2311 evi·

184 2348 353 2431 tandem,
378 2360 415 2421 et
438 2350 472 2418 in
495 2370 533 2420 re
562 2349 606 2420 de
629 2371 698 2441 qua
722 2348 908 2440 agebatur,
935 2349 1064 2441 requiri
1089 2349 1292 2420 citationem
1316 2345 1362 2418 od
1384 2343 1465 2416 olle-

188 2453 334 2546 qondam
351 2455 388 2523 in
405 2445 547 2524 termino
564 2476 702 2524 corisum
721 2475 826 2547 quare
841 2477 908 2523 uon
925 2453 1041 2526 debeat
1060 2454 1247 2524 Canonicus
1271 2452 1388 2524 absens
1402 2476 1466 2547 pu-

187 2557 259 2626 niri
288 2558 471 2628 coenredum
503 2558 564 2629 ltoe
592 2558 783 2630 Tridentini
815 2558 1014 2642 decretum
1044 2583 1107 2632 eeu
1132 2559 1285 2632 decisum
1311 2557 1418 2629 iuisse
1447 2581 1466 2629 a

191 2666 226 2736 S.
245 2662 284 2734 C.
306 2664 347 2735 C.
367 2662 628 2738 reicrtGarzias
644 2666 686 2737 dc
699 2665 844 2761 Benefic.
860 2690 897 2761 p.
913 2669 933 2737 3
950 2689 979 2737 e.
998 2671 1018 2736 2
1035 2689 1070 2736 n.
1093 2669 1172 2737 152.
1191 2667 1279 2738 Hinc
1295 2665 1467 2738 Monoeci·

191 2771 258 2841 iius
274 2771 309 2839 in
329 2770 501 2866 Supplom.
524 2771 662 2865 formul.
679 2771 804 2844 liedes.
820 2787 845 2843 t.
867 2778 887 2842 2
905 2775 958 2843 tit.
979 2775 1023 2846 13
1048 2776 1137 2845 banc
1161 2774 1267 2845 tradit
1291 2773 1326 2842 in
1351 2773 1468 2844 buius·

190 2876 284 2949 modi
304 2878 442 2950 iudiciis
463 2878 642 2950 formulam
668 2881 856 2952 citationis.
879 2881 1008 2951 Citetur
1024 2897 1056 2952 ct
1071 2897 1248 2952 moneatur
1263 2879 1309 2952 N.
1326 2877 1469 2952 Canoni-

191 3007 250 3056 cus
272 2999 406 3055 nostrae
425 2985 635 3058 Cetltedrolis
650 2988 721 3057 sice
739 2985 955 3080 Colleqiatoc,
972 2987 1017 3058 ud
1032 2986 1243 3081 allequndam
1263 2987 1299 3055 in
1321 2987 1467 3058 termino

191 3114 350 3170 eotrsom,
375 3113 481 3184 quere
506 3092 544 3162 ob
563 3115 660 3162 mum
682 3093 864 3164 absentium
890 3117 954 3163 non
980 3093 1095 3165 debeat
1116 3094 1234 3189 puniri
1256 3091 1302 3162 od
1323 3093 1469 3185 formam

191 3196 320 3268 decreti
338 3195 483 3268 Concilii
504 3198 693 3269 Tridentini
709 3215 771 3270 etc.
791 3199 941 3270 Instante
956 3200 1150 3269 Promotore
1162 3195 1297 3268 Fiscoli.

266 3299 394 3393 Atqui,
420 3303 714 3395 prosequebatur,
734 3302 930 3375 huiusmodi
949 3304 1057 3375 iorma
1075 3303 1230 3394 neglecta
1246 3302 1311 3371 iuit
1328 3301 1471 3373 omnino

194 3404 231 3474 in
251 3427 354 3488 casu,
372 3421 585 3498 quapropter
600 3407 729 3478 nullam
754 3407 861 3480 fuisse
886 3410 1060 3480 fructuum
1087 3409 1314 3501 privationem
1332 3406 1471 3478 conclu-

188 3509 300 3582 debat
325 3535 367 3583 ex
395 3513 601 3586 auctoritate
626 3513 675 3586 De
693 3513 805 3606 Nigris
822 3515 872 3586 Dc
888 3516 1058 3585 vocatione
1082 3514 1219 3608 berrefic.
1238 3511 1296 3582 lib.
1317 3516 1337 3582 Ξ
1355 3536 1388 3581 n.
1411 3514 1467 3583 37.

198 3617 358 3689 Formam
382 3620 476 3691 enim
492 3643 512 3690 a
528 3619 661 3693 Concil.
683 3621 885 3694 Tridentino
911 3623 1172 3715 praestitutam,
1199 3620 1376 3713 praeteriri
1404 3641 1470 3688 non

198 3747 299 3819 posse
316 3725 422 3795 tradit
438 3727 520 3797 Pius
535 3725 589 3796 lV.
606 3727 641 3796 in
653 3726 803 3798 Constit.
819 3725 859 3796 lu
873 3727 1045 3823 Principis
1058 3729 1124 3795 toa
1143 3727 1178 3796 in
1192 3724 1324 3796 Bullor.
1336 3747 1468 3818 muqno.

271 3831 413 3922 Insuper
436 3854 516 3901 eum
547 3844 666 3902 contra
692 3832 904 3904 Canonicum
934 3835 992 3916 A,
1017 3854 1085 3904 uon
1110 3831 1317 3903 Procurator
1348 3829 1473 3900 fiscalis

200 3936 364 4017 instaret,
381 3936 440 4006 sed
466 3936 664 4030 Capitulum
691 3938 826 4030 ipsum,
846 3938 1077 4009 contendebat
1093 3936 1260 4008 Defensor
1276 3936 1472 4016 ostendere,

199 4041 289 4112 hanc
306 4041 477 4112 actionem
495 4056 614 4113 contra
631 4041 866 4134 Capitularem
888 4044 1080 4124 absentem,
1105 4065 1173 4112 nou
1199 4053 1397 4134 competere
1410 4037 1473 4108 Ca-

200 4145 325 4237 pitulo.
353 4144 429 4217 lure
454 4145 547 4215 enim
564 4145 796 4218 Decretalium
815 4146 983 4239 iuspecto,
1003 4147 1062 4216 uni
1082 4145 1253 4238 Episcopo
1270 4164 1473 4214 concessum

199 4249 267 4320 iuit
291 4250 346 4321 ius
370 4251 553 4322 revocandi
577 4251 769 4324 canonicos
785 4253 827 4322 ad
846 4253 1086 4333 residentiam,
1105 4274 1231 4343 eosque
1252 4263 1476 4320 contumaces

201 4356 321 4451 poenis
346 4357 550 4438 mulctandi,
566 4371 671 4449 prout
688 4359 837 4428 innuunt
863 4372 982 4431 textus
1005 4360 1041 4427 in
1066 4379 1139 4451 cop.
1160 4361 1178 4426 5
1201 4356 1242 4426 de
1265 4353 1386 4428 Clerie.
1410 4378 1476 4423 uon

201 4461 363 4533 resident.
379 4479 411 4534 ct
424 4465 460 4534 in
474 4485 547 4558 cap.
569 4468 622 4546 ill,
638 4479 670 4535 ct
682 4479 829 4562 sequent.
843 4464 1035 4538 Concilium
1055 4488 1135 4538 tero
1153 4465 1394 4536 Tridentinum
1413 4465 1477 4532 boc

290 4593 369 4656 dcta,
382 4593 448 4645 toni.
466 4591 571 4658 1,suae.
584 4595 636 4646 111.
1378 4603 1409 4644 tu
