3282 5008
198 421 264 490 150
546 445 700 493 611616Αὲ
718 447 821 502 Quoto
838 447 931 494 stent
949 445 1125 494 ll'l'EliSlldd.

194 543 377 618 ruditatem
401 568 469 618 non
496 548 603 619 teneri
629 548 672 618 ad
697 548 859 622 utensilia
884 547 1149 641 suppeditanda:
1168 545 1224 619 cui
1242 542 1393 639 opinioni
1415 567 1470 616 re·

191 650 406 833 ἑὲῗξῖῃηῑῖἰιίῗε
432 654 685 747 Regularibus,
713 654 968 748 infrascriptum
994 653 1138 724 dubium
1162 652 1198 725 S.
1217 651 1258 723 C.
1276 651 1315 723 C.
1334 673 1470 745 propn-

591 899 833 965 mneeptntto
853 901 1068 964 sarranates.

264 1072 423 1146 Darsasto
440 1074 650 1148 Parnasu-
666 1077 814 1150 Aiebant
834 1077 1048 1149 Executores
1076 1073 1327 1147 testamentarii
1350 1073 1469 1145 favore

191 1181 357 1254 Haeredis
371 1182 529 1266 Patroni,
549 1205 721 1254 summam
739 1207 758 1254 a
776 1195 942 1256 testatore
957 1183 1183 1275 praefinitam,
1195 1182 1228 1251 in
1242 1199 1346 1274 opere
1361 1179 1470 1252 conli-

190 1290 314 1362 ciendo
328 1291 541 1385 insumptam
553 1291 687 1382 integre
699 1290 817 1362 luisse:
830 1291 921 1362 unde
935 1290 1079 1361 facultas
1089 1313 1107 1360 a
1117 1288 1298 1361 Testatore
1307 1309 1468 1359 concessa

190 1397 355 1487 erogandi
380 1408 514 1489 partem
540 1419 583 1468 ex
608 1406 699 1468 scut.
727 1400 857 1478 20,000
883 1398 918 1466 in
945 1419 1039 1467 sacra
1065 1396 1225 1468 utensilia
1241 1418 1306 1489 pro
1322 1417 1385 1465 usu
1401 1395 1470 1466 Ca·

190 1501 303 1594 pellae
320 1501 350 1570 si
366 1501 484 1572 haeres
503 1499 540 1570 id
555 1515 813 1572 consentaneam
842 1501 1107 1582 existimaverit,
1135 1500 1283 1573 cessarit
1311 1499 1465 1570 omnino.

192 1603 323 1679 ldcirco
335 1606 528 1679 haereditas
540 1629 629 1698 quae
642 1607 674 1676 in
689 1621 914 1700 augmentum
927 1606 1244 1688 administrabatur,
1251 1628 1320 1677 non
1333 1614 1469 1698 poterat

192 1713 340 1785 ulterius
356 1715 502 1806 gravari.
524 1713 733 1784 Praesertim
751 1738 830 1784 cum
849 1716 988 1809 ipsimet
1008 1715 1195 1807 Regularcs
1212 1715 1264 1784 ius
1281 1711 1385 1792 illud,
1404 1712 1469 1782 sci·

190 1815 275 1888 licet
300 1815 486 1910 elargiendi
512 1818 673 1889 utensilia
698 1832 969 1910 recognoverant
986 1820 1019 1889 in
1037 1820 1184 1892 haerede
1209 1816 1466 1899 lacuit-atirum,

191 1921 235 1992 ad
260 1923 461 1995 testamenti
486 1922 658 2006 sormam,
684 1924 774 2016 quod
800 1923 1046 2016 obligationem
1072 1923 1240 1995 excludit.

262 2027 419 2099 Dersnsro
432 2029 700 2099 Bructerum.-
718 2029 744 2100 E
762 2044 883 2100 contra
902 2053 982 2102 vero
999 2028 1255 2100 contendebant
1268 2028 1467 2120 Regulares,

191 2155 235 2203 ex
261 2134 335 2204 iure
358 2133 547 2216 communi,
563 2133 751 2204 Patronum
765 2133 806 2204 ad
821 2135 981 2205 utensilia
999 2135 1249 2226 suppeditanda
1268 2136 1388 2205 teneri.
1403 2135 1472 2204 Ae·

190 2238 421 2330 quiparantur
445 2238 536 2309 enim
563 2239 597 2306 in
623 2238 698 2309 iure
723 2237 914 2309 aedificatio
939 2237 1118 2318 ecclesiae,
1137 2250 1172 2308 et
1197 2237 1351 2308 eiusdem
1371 2259 1472 2308 orna·

192 2357 323 2426 rnenta,
342 2345 383 2414 ad
402 2343 528 2414 tradita
545 2367 607 2437 per·
623 2344 773 2437 Pignatt.
785 2358 864 2415 tom.
881 2349 901 2415 6
919 2342 1059 2414 consult.
1079 2349 1132 2414 16.
1144 2344 1296 2416 Ferraria
1309 2343 1469 2415 Bibliotb.

190 2472 223 2520 v.
243 2449 393 2546 Capella.
413 2449 482 2522 Nec
502 2452 591 2521 banc
610 2452 695 2522 iuris
712 2452 974 2545 dispositionem
992 2453 1093 2536 elidi,
1113 2452 1387 2545 subiungebant‚
1408 2475 1472 2545 per

190 2555 394 2628 facultatem
420 2556 629 2650 pmedictam
650 2558 787 2629 haeredi
813 2582 833 2628 a
860 2571 1025 2630 testatore
1042 2581 1253 2631 concessam.
1268 2558 1360 2630 llaec
1376 2559 1470 2631 enim

191 2661 338 2734 iacultas
362 2663 570 2756 respiciebat
594 2663 811 2736 solummodo
836 2665 948 2736 media
973 2689 1015 2737 ex
1041 2666 1185 2758 quibus,
1212 2664 1373 2736 utensilia
1405 2663 1472 2736 Ca-

192 2766 302 2858 pellae
327 2767 602 2861 suppeditanda,
629 2768 703 2838 erui
728 2768 918 2852 deberent3
943 2770 1088 2840 minime
1114 2791 1194 2840 rero
1219 2769 1366 2841 incultas
1388 2792 1472 2841 con·

188 2895 287 2943 cessa
311 2887 365 2946 est
390 2874 552 2946 utensilia
577 2874 840 2967 suppeditandi,
861 2874 915 2945 rel
936 2896 1023 2954 non;
1043 2895 1147 2966 quam
1165 2873 1364 2945 facultatem
1377 2873 1470 2944 baud

190 2991 326 3070 poterat
350 2982 538 3052 concedere
563 2993 730 3062 testator,
748 2980 832 3072 quin
852 2980 916 3049 sibi
933 2979 1199 3050 contradiceret.
1217 2977 1358 3070 Capella
1375 2979 1469 3049 enim

189 3098 226 3153 nt
243 3099 423 3155 ornaretur
438 3085 596 3158 absolute
613 3085 855 3166 mandaverat,
875 3098 910 3156 et
926 3085 970 3154 ab
987 3084 1051 3159 hac
1075 3084 1322 3176 dispositione,
1350 3085 1468 3156 exclu-

188 3191 271 3263 dere
286 3213 354 3262 non
372 3204 509 3284 poterat
525 3215 622 3264 sacra
639 3192 818 3272 utensilia,
832 3213 920 3283 quae
935 3203 1017 3260 sunt
1030 3192 1213 3283 praecipua
1227 3202 1263 3262 et
1276 3192 1469 3262 necessaria

188 3295 351 3388 Capellae
383 3297 569 3370 cuiuslibet
601 3311 815 3370 ornamenta.
847 3296 989 3368 Poterat
1020 3298 1138 3388 itaque
1171 3297 1292 3367 haeres
1331 3309 1469 3388 partem

192 3415 330 3476 taxatae
355 3427 510 3476 summae
535 3406 570 3474 in
596 3428 693 3475 saera
719 3404 917 3496 impendere
942 3403 1125 3484 utensilia,
1145 3414 1181 3473 at
1205 3425 1286 3474 cum
1310 3402 1375 3473 boc
1400 3425 1468 3473 non

189 3507 331 3592 iecerit,
358 3524 538 3602 permanet
563 3511 761 3583 eorumdem
786 3510 1071 3603 praestandorum
1088 3509 1266 3601 obligatio.
1286 3509 1342 3577 ls'x
1357 3508 1469 3601 officio

193 3638 273 3685 rero
294 3619 386 3688 inter
410 3631 546 3689 caetera
572 3616 798 3708 adiugebatur
823 3616 1000 3708 responsio
1025 3615 1061 3686 S.
1080 3614 1120 3684 C.
1145 3613 1184 3685 C.
1204 3615 1237 3682 in
1268 3613 1465 3686 Urbinaten.

190 3724 234 3791 28
252 3721 333 3793 Feb.
358 3726 458 3793 1666.
477 3721 534 3792 tit.
548 3727 591 3795 11
613 3723 742 3793 liceret.
754 3744 833 3816 pap.
849 3726 927 3803 tto,
947 3725 981 3791 in
998 3745 1066 3814 qua
1083 3720 1294 3791 declaratum
1308 3733 1361 3790 est
1373 3747 1387 3784 a
1404 3719 1468 3790 Or-

190 3842 350 3899 nomento
359 3829 542 3911 altarium,
555 3845 586 3900 et
600 3827 816 3924 Capellornm
833 3830 1058 3898 instnrmento
1082 3829 1126 3899 ad
1149 3826 1276 3897 ercitum
1301 3827 1468 3905 divinum,

189 3937 239 4004 ita
258 3937 379 4030 parari
395 3959 417 4004 o
433 3935 592 4005 Patronis
607 3934 746 4015 debere,
763 3936 792 4004 si
808 3934 849 4003 ob
867 3935 910 4002 iis
926 3935 1097 4028 adficiens
1112 3933 1197 4004 dctis
1213 3933 1353 4012 reditus,
1363 3932 1468 4003 etium

188 4065 251 4137 pro
273 4043 522 4114 conservatione
546 4041 654 4112 cultus
677 4040 798 4121 diuini,
826 4041 1015 4134 ossipnntus
1032 4063 1097 4109 aon
1115 4039 1230 4126 (eterit.

727 4214 915 4270 nubtum·

264 4385 281 4427 a
299 4360 350 4429 dn
365 4372 400 4432 et
413 4383 500 4454 quae
517 4381 613 4430 sacra
628 4357 788 4429 utensilia
802 4381 820 4428 a
836 4357 985 4428 Patrono
998 4356 1203 4450 praestanda
1215 4355 1285 4426 sint
1298 4377 1332 4423 m
1345 4375 1464 4424 casu.»

260 4465 399 4536 Sotnrro
418 4465 613 4536 anau-S.
631 4462 672 4534 C.
691 4462 730 4533 C.
751 4488 786 4534 re
803 4464 955 4534 discussa
974 4463 1028 4534 die
1049 4467 1090 4531 28
1109 4463 1187 4532 llaii
1209 4465 1310 4542 1864,
1329 4460 1370 4529 ad
1388 4481 1463 4552 pro
