3282 5008
694 507 919 580 lll'l‘ENDlll
945 505 1001 578 lv.

461 801 555 850 mnes
571 799 742 846 seonssmn
759 797 947 844 conunacrn
962 799 1019 844 sun
1034 797 1232 846 cosummat

474 882 476 886 ⁴
578 904 606 950 sl
629 900 1112 950 n.eonuneexu1seensavenm.

276 1217 416 1296 Quaestio
439 1211 574 1306 puniam
588 1213 819 1277 interductone's
869 1211 1000 1274 debeant
1014 1213 1122 1291 sponsi
1138 1229 1286 1276 renovare
1299 1231 1484 1276 consensum

209 1321 311 1382 estitit
323 1335 414 1400 snper
431 1317 726 1398 sponsalibus,quae
741 1332 818 1376 con·
868 1315 899 1374 iu
914 1315 1085 1393 sponsalia,
1101 1329 1164 1393 quo
1182 1323 1342 1392 renovato,
1359 1315 1483 1394 obliga·

210 1421 375 1483 trahuntur
395 1417 452 1480 snb
475 1418 652 1480 conditione
667 1422 693 1476 ei
715 1419 818 1476 Ponti·
869 1416 1109 1478 tiotuncorituc
1122 1417 1484 1496 speculantibus„

206 1525 482 1601 seoda'spensuueril,
496 1523 635 1582 luterens
645 1519 696 1598 qui
713 1519 819 1579 malni·
868 1536 934 1594 cop.
951 1537 1083 1595 supereo
1097 1537 1128 1579 n.
1144 1521 1163 1580 8
1177 1521 1213 1580 de
1227 1521 1333 1580 candit.
1351 1526 1476 1597 opponit.

211 1625 344 1685 monium
361 1621 541 1684 contrahere
557 1640 617 1683 non
634 1625 762 1701 possunt
775 1618 817 1682 cb
870 1617 960 1678 Caud.
971 1619 1015 1680 De
1025 1619 1151 1680 Luculle
1163 1623 1292 1680 Malrlm.
1304 1621 1374 1680 disc.
1387 1622 1405 1682 7
1418 1623 1476 1680 nl

209 1725 445 1788 ecclesiasticum
467 1723 729 1804 impedimentum.
868 1718 981 1798 aliique
1014 1720 1125 1799 plures.
1166 1721 1261 1796 Quam
1297 1722 1481 1784 senteutiam

273 1827 376 1888 Plures
404 1821 486 1888 enim
515 1827 639 1888 extitere
665 1825 816 1886 lloctoues
868 1827 1045 1884 constanter
1066 1824 1164 1884 tenuit
1186 1825 1216 1884 S.
1242 1823 1339 1901 licta,
1363 1829 1397 1884 ut
1420 1841 1480 1884 no·

209 1929 261 2010 qui
273 1926 512 1990 censebantesse
524 1929 553 1988 in
567 1927 623 1988 bac
635 1926 816 2004 quaestione
865 1922 1004 1984 minutim
1033 1922 1137 1984 videre
1170 1929 1217 1984 est
1242 1925 1272 1984 in
1297 1925 1383 1984 decla.
1415 1925 1482 1987 tos

207 2027 475 2109 distinguendum,
505 2029 529 2090 ai
562 2026 814 2106 impedimentum
861 2033 943 2103 part.
962 2031 978 2086 5
996 2033 1100 2086 recent.
1118 2026 1192 2088 etin
1209 2026 1290 2088 illius
1307 2023 1481 2088 confirma·

207 2146 314 2208 nempe
337 2128 396 2190 tole
423 2131 462 2191 ait
484 2135 518 2190 nt
540 2130 575 2190 ll.
596 2128 735 2190 Pontifex
753 2147 813 2190 nam
865 2127 1046 2188 toriadecis.
1064 2129 1216 2205 sulpure.
1235 2129 1254 2190 8
1270 2135 1375 2189 recent.

205 2228 302 2291 soleat
340 2229 418 2292 illud
460 2247 515 2310 pec
558 2228 812 2308 dispensationem
928 2229 1194 2292 Habenturtumen
1206 2231 1390 2291 recentiores
1400 2229 1475 2291 scai-

205 2329 340 2411 tollere,
373 2337 449 2394 tunc
473 2329 634 2394 censebant
660 2332 814 2410 sponsalia
865 2335 993 2408 ptores,
1020 2332 1073 2410 qui
1096 2330 1239 2392 videntur
1260 2330 1361 2392 adhuc
1383 2349 1481 2411 sapei·

204 2431 316 2494 nullam
343 2451 448 2514 paneae
470 2450 558 2514 possa
580 2430 811 2512 obligationem.
864 2431 922 2494 hac
939 2450 972 2494 ne
988 2431 1144 2507 dubitare,
1162 2431 1239 2495 adeo
1253 2437 1286 2494 ut
1300 2432 1330 2493 in
1344 2434 1479 2513 primuin-

206 2539 243 2594 nt
261 2535 286 2594 ai
308 2534 407 2599 soleat
423 2536 460 2597 li.
479 2533 616 2596 Pontifex
645 2551 738 2614 super
755 2533 812 2596 hu·
863 2537 1042 2596 senteutiam
1065 2533 1222 2596 inclinent.

204 2635 337 2698 insmodi
365 2637 584 2716 impedimento
612 2634 810 2715 dispensate,
929 2637 1040 2697 Verum
1066 2636 1150 2715 punxi
1174 2638 1311 2714 inspecta
1339 2636 1370 2696 S.
1391 2636 1474 2698 Con·

203 2735 258 2796 buc
273 2736 304 2798 iu
320 2737 476 2819 hypotcsi,
492 2735 589 2798 valida
601 2737 812 2799 existimabant
863 2738 1198 2816 preputionisCoucilii,
1216 2736 1474 2817 nullusuelinqui·

201 2838 375 2916 sponsalis,
404 2857 465 2902 non
495 2837 616 2918 quidem
649 2839 807 2914 absolute,
863 2846 913 2900 tur
926 2838 1110 2900 dubitationi
1124 2839 1222 2901 locus.
1236 2841 1311 2900 Sane
1324 2857 1358 2900 es
1374 2840 1477 2902 causis

201 2936 252 2998 sed
276 2945 430 3021 tamquam
463 2946 618 3002 contracta
647 2940 704 3000 sub
734 2959 811 3002 ccu·
863 2957 1040 3020 quasaupra
1051 2957 1122 3021 pag.
1139 2942 1177 3003 75
1192 2946 1224 3002 et
1237 2957 1325 3021 seqq.
1339 2939 1476 3002 adduxi·

201 3037 338 3122 ditione,
369 3045 454 3104 cuius
482 3040 670 3106 conditionis
702 3042 809 3121 imple·
863 3059 942 3116 mus,
952 3043 1125 3120 praesentim
1142 3041 1275 3104 secunde
1292 3048 1321 3103 et
1338 3060 1372 3103 es
1388 3041 1474 3103 iudi-

201 3145 337 3204 mentum
360 3161 466 3205 consec
487 3149 663 3204 tenerentur
684 3144 808 3223 spousi,
862 3151 928 3206 cata
944 3147 1063 3206 luccen.
1079 3161 1149 3223 pag.
1172 3145 1207 3205 81
1228 3144 1421 3205 manifestum
1435 3141 1470 3204 lit

201 3241 277 3303 adeo
294 3251 329 3306 ut
345 3247 442 3306 neutri
461 3245 575 3320 liceret,
588 3244 684 3307 altero
699 3246 808 3323 invito,
862 3247 1094 3309 S.C.eeusuisae
1116 3246 1198 3308 nullu
1218 3245 1371 3325 sponsalia
1391 3246 1476 3306 luten

200 3343 299 3406 alidc
323 3346 391 3409 data
414 3347 544 3424 resilire,
563 3348 723 3423 siccante,
746 3351 809 3409 siae
862 3349 1111 3426 consanguineos
1141 3349 1240 3425 inita,
1271 3365 1331 3408 nou
1355 3365 1389 3408 ex
1412 3347 1474 3408 alia

200 3451 271 3524 post
286 3447 475 3527 impetratam
493 3446 761 3526 dispensationem,
776 3455 810 3511 ut
860 3453 1002 3526 natione,
1027 3461 1118 3528 quam
1142 3467 1177 3510 ex
1200 3448 1476 3524 consanguinitatis

200 3545 305 3609 videre
320 3555 365 3610 est
379 3547 462 3627 apud
478 3549 610 3610 Sanchea
625 3551 661 3609 de
677 3553 805 3611 Molrlm.
859 3550 1080 3630 impedimento
1091 3548 1177 3629 quod
1189 3551 1268 3610 inter
1277 3565 1407 3628 sponsos
1417 3549 1468 3609 iu·

199 3649 251 3710 lid.
267 3651 286 3710 5
300 3651 356 3711 dis.
373 3652 437 3711 5n.
459 3651 508 3711 lt.
528 3651 571 3710 [lc
598 3651 687 3712 lustin
708 3653 744 3711 de
759 3653 807 3710 dl·
859 3651 1046 3726 tencedebat,
1064 3651 1148 3713 nullo
1166 3653 1263 3730 pnelio
1282 3649 1384 3710 hichita
1396 3667 1475 3712 coo·

198 3769 290 3827 apem
306 3753 359 3814 lid.
374 3751 469 3828 2oop.
484 3752 509 3812 1.
524 3771 632 3814 anum.
648 3753 687 3814 78
700 3755 740 3812 od
750 3755 805 3816 88.
859 3753 988 3828 ditione,
1003 3757 1029 3812 si
1042 3751 1180 3828 Pontifex
1201 3755 1419 3830 dispensaverit.

199 3851 463 3932 pluresqucalios.
923 3856 1028 3934 Neque
1039 3873 1118 3916 nova
1129 3852 1326 3916 existimanda
1337 3860 1383 3914 est
1396 3852 1474 3914 llaec

260 3951 320 4015 Alii
341 3971 413 4016 vero
431 3957 581 4017 Doctores
593 3962 757 4018 tenuerunt
770 3975 805 4018 ac
858 3958 889 4018 S.
904 3957 937 4017 C.
953 3955 1090 4017 doctrina
1101 3979 1108 4017 ι
1121 3957 1230 4017 etenim
1246 3953 1296 4015 die
1307 3955 1347 4015 96
1358 3955 1472 4015 lanuu-

197 4061 324 4132 lencul,
356 4056 509 4136 sponsalia
538 4057 617 4118 iuteo
640 4057 806 4136 impeditos
858 4059 894 4120 oli
922 4059 1001 4120 1709
1022 4059 1076 4118 lid.
1102 4061 1212 4118 Decrel.
1229 4058 1270 4118 59
1283 4074 1356 4133 paq.
1372 4057 1409 4118 17
1424 4056 1468 4118 bis

196 4159 720 4238 contracta,sivcsubspe,sineaub
733 4177 805 4220 eoo·
858 4159 995 4222 terminis
1016 4158 1161 4238 quaedam
1183 4157 1254 4220 lacti
1278 4158 1393 4238 species
1414 4175 1466 4219 re-

195 4257 313 4321 ditione
335 4260 495 4323 obtinendi
518 4261 802 4342 dispensationem,
858 4262 993 4341 peritur:
1021 4288 1033 4312 ·
1051 4263 1109 4322 Per
1124 4260 1225 4323 literas
1237 4259 1383 4338 speciales
1397 4257 1468 4320 huic

194 4379 260 4423 esse
281 4379 402 4443 semper
414 4370 443 4424 et
456 4363 596 4424 absolute
608 4363 709 4438 nulla;
727 4362 803 4424 adeo
860 4389 872 4416 ι
887 4365 917 4424 S.
933 4364 967 4426 C.
983 4364 1170 4425 transmissas
1186 4362 1279 4424 aeleri
1300 4362 1468 4440 Episcopus

194 4472 229 4525 ut
256 4465 380 4526 obtentu
408 4465 518 4527 deinde
552 4465 804 4527 disnensatione.
861 4468 1075 4527 -8euunntcm
1096 4463 1181 4528 duod
1206 4463 1380 4525 Vincentius
1401 4462 1468 4524 Soi-
