3248 5004
186 392 199 458 l
207 389 226 458 6
473 412 639 460 ιιιιιιιιιι.
655 413 832 459 ιιιιιιιιιυιιι
850 413 889 459 ex
907 415 1013 461 carrae
1032 407 1161 463 barrus.

180 513 258 586 dem
284 523 398 606 Agnes
435 514 611 586 nonnullis
642 515 786 598 diebus,
820 516 930 588 donec
955 529 1067 589 mater
1090 529 1267 610 praetexti·
1299 515 1453 588 melioris

180 621 422 704 habitationis,
441 621 523 693 licto
547 623 685 707 animo,
705 621 796 694 filiae
821 624 929 693 suasit
953 647 990 695 se
1015 625 1222 695 conduxisse
1241 624 1455 694 commodio-

182 748 254 796 rem
279 725 421 796 domum
450 727 570 798 eadem
595 728 630 797 in
656 741 764 809 terra,
784 729 827 798 ad
849 751 953 821 quam
978 742 1089 802 semet
1113 743 1269 822 paratam
1294 727 1454 800 exhibuit

180 831 326 905 ducendi
344 833 524 924 Agnetem.
555 833 689 929 Reapse
705 833 788 904 Cala
814 847 926 904 mater
949 832 1052 905 simul
1074 857 1153 906 cum
1179 835 1354 927 praedicta
1372 834 1454 905 edu-

180 938 307 1010 catrice
323 939 499 1010 duxerunt
516 942 685 1033 Agnetem
704 941 737 1010 in
752 942 925 1034 quandam
939 943 1162 1014 remotiorem
1179 935 1336 1022 domum,
1349 963 1454 1033 quam

180 1046 375 1136 ingressae,
394 1047 491 1138 prius
515 1045 614 1129 Cala,
633 1046 756 1118 deinde
782 1047 981 1128 educatrix,
1005 1047 1138 1138 aliquas
1162 1069 1283 1117 causas
1307 1045 1456 1116 abeundi

180 1164 449 1246 praetexentes,
479 1153 738 1235 discesserunt,
769 1153 842 1224 sola
875 1153 922 1222 ibi
956 1153 1075 1224 relicta
1110 1153 1218 1223 veluti
1250 1153 1284 1221 in
1318 1153 1456 1244 propria

180 1259 284 1330 domo
309 1260 455 1351 Agnete.

251 1365 339 1436 Cum
358 1366 403 1436 ita
423 1388 530 1436 resse
547 1364 706 1445 haberet,
726 1387 768 1434 ex
787 1365 974 1455 improviso
993 1363 1121 1455 prodiit
1138 1363 1376 1455 Sempronius,
1394 1363 1453 1454 qui

180 1471 431 1544 exterrelactae
456 1484 539 1541 tunc
565 1471 709 1563 agneti,
735 1469 898 1562 patefecit
924 1493 999 1564 eam
1025 1471 1060 1538 in
1086 1493 1148 1539 sua
1173 1470 1276 1540 domo
1300 1481 1335 1539 et
1359 1481 1454 1561 pote

180 1591 271 1650 state
297 1578 451 1672 reperiri.
470 1577 598 1648 Coacta
622 1576 689 1646 suit
713 1577 828 1668 Agnes
853 1577 886 1646 in
909 1599 948 1646 ea
972 1587 1106 1647 remota
1131 1575 1325 1667 Sempronii
1351 1575 1455 1647 domo

181 1711 321 1761 manere
337 1711 399 1781 per
415 1699 549 1779 partem
573 1686 640 1756 diei
666 1699 702 1758 et
727 1688 896 1778 integram
922 1699 1124 1778 sequentem
1141 1698 1300 1768 noctem,
1320 1687 1452 1779 inqua,

181 1806 222 1864 ut
239 1795 312 1886 ipsa
328 1792 505 1885 deposuit,
524 1805 560 1862 et
577 1792 738 1863 clamavit
756 1805 792 1863 et
808 1792 924 1884 sugam
950 1793 1098 1862 tentavit
1123 1791 1308 1862 inutiliter.

255 1899 419 1992 Sequenti
437 1899 515 1980 die,
542 1899 640 1969 tarda
664 1899 746 1970 licet
769 1901 874 1981 hora,
900 1897 1003 1969 rediit
1027 1897 1231 1979 educatrix,
1259 1899 1315 1969 cui
1342 1899 1455 1989 Agnes

181 2017 380 2097 promptam
405 2003 641 2074 manifestarit
666 2004 901 2087 voluntatem,
927 2005 1046 2074 eadem
1071 2004 1145 2097 ipsa
1170 2004 1227 2076 die
1276 2018 1452 2097 paternam

183 2113 325 2181 domum
351 2110 528 2181 redeundi.
557 2113 602 2181 At
626 2124 739 2183 mater
764 2112 870 2206 (quae
894 2134 934 2184 ex
962 2110 1121 2182 condicto
1144 2133 1226 2182 cum
1251 2111 1455 2203 Sempronio

181 2239 303 2308 agere,
327 2216 411 2286 satis
427 2217 634 2311 apparebat)
653 2231 839 2312 antequam
863 2217 934 2288 iilia
958 2217 1163 2301 discederet,
1182 2240 1346 2289 unacum
1367 2217 1456 2288 Edu·

182 2323 311 2393 catrico
341 2323 529 2394 exterritae
561 2324 672 2394 adbuc
702 2323 836 2417 puellae
864 2334 1072 2406 suaserunt,
1102 2344 1145 2394 ne
1174 2323 1315 2395 domum
1344 2321 1454 2392 Patris

183 2440 376 2521 repeteret,
395 2440 434 2497 ut
459 2441 637 2522 paternam
656 2431 763 2512 iram,
783 2441 926 2523 propter
949 2451 987 2500 eo
1004 2451 1093 2521 quae
1118 2429 1335 2510 acciderant,
1352 2425 1455 2499 decli-

183 2545 300 2617 naret;
316 2533 376 2604 sed
397 2535 512 2627 potius
535 2536 577 2606 ad
602 2536 742 2628 aliquod
765 2536 943 2628 publicum
968 2534 1196 2606 diversorium
1214 2535 1248 2604 in
1269 2536 1389 2606 eadem
1407 2530 1456 2602 ci·

182 2639 290 2710 ritate
308 2639 350 2709 Α.
367 2662 404 2710 se
420 2639 612 2724 conterret,
632 2653 672 2711 ut
693 2641 739 2711 ibi
761 2641 990 2734 opportunius
1005 2640 1258 2712 deliberaretur
1274 2641 1357 2733 quid
1376 2650 1456 2734 post

183 2748 267 2819 baec
291 2762 382 2820 esset
407 2750 590 2840 agendum.

253 2854 438 2926 Praeteriti
468 2857 546 2927 lreic
577 2856 717 2928 silentio
742 2880 809 2928 non
834 2857 963 2939 debet,
994 2857 1088 2950 quod
1120 2857 1345 2950 Sempronius
1376 2869 1454 2926 ante

184 2967 289 3049 baec,
316 2965 381 3036 sibi
407 2979 634 3059 proposuerat
658 2968 827 3060 Agnetem
852 2967 1021 3039 abducere
1045 2968 1080 3036 in
1105 2968 1208 3038 aliam
1231 2967 1456 3060 longinquam

184 3071 381 3154 revincam,
399 3085 440 3143 ut
464 3095 601 3143 cumea
626 3074 885 3145 matrimonium
907 3073 1048 3144 liberius
1073 3073 1312 3145 contraheret:
1331 3086 1367 3142 at
1392 3073 1456 3143 boc

210 3178 402 3271 repositum
426 3177 588 3249 effectum
613 3200 714 3248 suum
736 3179 897 3250 sortitum
921 3202 989 3251 non
1006 3179 1139 3262 luerat,
1157 3202 1200 3250 ex
1217 3201 1258 3250 eo
1275 3179 1367 3271 quod
1385 3179 1458 3271 ipse

185 3307 311 3358 nomen
329 3308 432 3356 suum
452 3297 488 3356 et
513 3285 647 3378 puellae
671 3285 891 3358 abducendae
916 3287 1014 3357 navis
1038 3285 1259 3380 gubematori
1280 3309 1340 3356 eos
1357 3286 1458 3356 traie-

185 3403 286 3461 cturo
310 3390 392 3462 dare
417 3389 585 3462 noluerat.

256 3495 376 3588 ltaque
408 3495 625 3587 importunae
659 3497 811 3569 suasioni
843 3497 962 3570 Matris
1001 3509 1038 3569 et
1074 3496 1309 3580 educatrieis,
1343 3497 1458 3588 lignes

185 3602 322 3696 paruit,
347 3615 385 3674 et
409 3603 529 3675 eodem
554 3604 610 3677 dio
635 3606 750 3697 Agnes
774 3619 811 3677 et
835 3607 1036 3686 educatrix,
1063 3604 1137 3675 viae
1172 3603 1292 3676 iem-eis
1323 3603 1458 3674 assibus

184 3720 314 3780 stratae
330 3731 405 3780 sese
422 3710 671 3782 commiserunt
688 3723 727 3781 ut
744 3711 894 3783 redirent
912 3711 1058 3781 insuam
1077 3709 1255 3780 civitatem
1272 3711 1314 3778 Α.
1329 3707 1457 3778 Verum

184 3836 265 3884 cum
290 3814 333 3884 ad
357 3814 550 3886 Stationem
581 3815 754 3908 quandam
786 3817 1020 3897 devenerunt,
1046 3838 1090 3887 en
1119 3826 1298 3906 comparet
1330 3814 1456 3884 iterum

185 3919 431 4012 Sempronius,
458 3921 517 4013 qui
550 3921 710 3991 eumdem
735 3942 875 3991 currum
901 3921 1093 4013 ingreditur
1117 3921 1176 3991 ubi
1203 3922 1317 4012 lignes
1346 3919 1459 3990 consi-

184 4025 315 4105 debat,
342 4047 429 4118 quae
454 4037 552 4096 tanto
576 4026 716 4097 horrore
742 4025 936 4118 praesentia
966 4025 1163 4120 Sempronii
1188 4025 1345 4118 perculsa
1379 4037 1457 4102 est,

187 4143 370 4224 tantosque
387 4132 555 4205 clamores
578 4133 722 4215 extulit,
741 4146 780 4202 ut
797 4154 960 4203 curruum
978 4133 1191 4222 gubernator
1215 4131 1456 4210 intervenerit,

187 4237 420 4329 indixeritque
443 4239 665 4333 Sempronio,
687 4253 724 4310 ut
741 4239 784 4309 ab
801 4261 842 4310 eo
859 4261 963 4311 curru
981 4237 1168 4311 recederet.
1195 4237 1294 4324 Quod
1318 4235 1458 4329 quidem

185 4344 309 4416 deinde
332 4345 506 4436 praestitit
522 4345 767 4440 Sempronius,
785 4345 951 4415 suadente
968 4344 1078 4415 altero
1096 4345 1170 4417 viro
1187 4344 1243 4428 C,
1260 4344 1319 4438 qui
1338 4342 1458 4415 eodem

188 4451 222 4520 in
247 4473 351 4521 curru
375 4449 588 4524 considebat.
