3282 5008
1439 409 1461 475 ll

408 518 643 593 asumma
662 523 816 610 Quoto
833 525 980 599 SACRA
998 527 1248 601 UTENSlLlll.
1400 411 1436 480 Μ

233 749 280 804 vie
296 751 329 802 28
348 752 419 803 Mali
440 755 512 805 tstt.
1106 765 1178 816 Sese.
1188 768 1216 816 tt
1231 777 1254 818 c.
1266 769 1280 816 7
1291 763 1326 818 de
1337 760 1461 830 llrsorm.

265 968 550 1034 (rumpentium
576 969 684 1024 tuear.
710 956 824 1026 fitius
857 955 1161 1027 fideicommissum
1195 957 1392 1029 instituerat
1425 957 1460 1026 in

188 1079 251 1130 suo
275 1071 485 1132 testamento
513 1061 629 1135 favore
658 1063 881 1153 Primogeniti
907 1062 1056 1133 familiae
1083 1064 1138 1145 Α.,
1165 1063 1342 1154 imposita,
1368 1064 1462 1135 inter

187 1178 354 1246 caeteras,
372 1167 435 1236 bac
451 1166 537 1261 lege,
557 1183 597 1239 ut
616 1196 631 1235 u
648 1171 785 1264 propria
810 1170 1011 1241 redderetur
1035 1169 1192 1241 haeredis
1216 1169 1460 1240 fideicommis-

190 1296 206 1333 n
222 1269 302 1339 sarii
326 1268 465 1363 Capella
486 1272 546 1344 SS.
565 1272 811 1367 Conceptiouis
829 1275 1012 1346 existentis
1025 1275 1059 1343 iu
1073 1275 1221 1366 quadam
1235 1273 1457 1362 Regulariom

185 1397 205 1440 u
222 1376 383 1458 ecclesia,
402 1390 599 1463 ornaretur,
618 1392 653 1450 ct
670 1381 698 1450 si
716 1404 803 1473 opus
820 1393 911 1452 esset
928 1379 1223 1462 reaedificaretur,
1238 1378 1403 1450 detractis
1415 1380 1459 1449 ad

188 1508 206 1544 a
224 1480 316 1552 huna
341 1482 500 1555 effectum
526 1508 570 1556 ex
601 1486 685 1557 Asse
710 1487 937 1558 haereditario
962 1486 1108 1556 scutatis
1131 1485 1252 1576 viginti
1270 1483 1456 1554 millibus»

184 1585 334 1668 addens,
360 1590 571 1680 praedictam
596 1592 762 1682 pecuniae
780 1593 848 1660 vim
870 1613 998 1684 «posse
1016 1591 1120 1660 etiam
1139 1588 1289 1681 impendi
1308 1592 1342 1657 iu
1360 1613 1457 1660 sacra

187 1692 394 1776 »utensilia
412 1718 475 1786 pro
492 1718 558 1764 usu
582 1695 733 1787 capellae
758 1697 930 1782 eiusdem,
949 1695 1086 1787 quoties
1110 1695 1230 1767 baares
1254 1695 1288 1765 id
1313 1717 1457 1765 cousen-

187 1808 359 1868 ntaneum
384 1801 670 1871 existimaverit.»

256 1904 468 1976 Executores
486 1907 603 1997 itaque
622 1907 869 1980 testamentarii
890 1906 971 1998 (qui
987 1930 1048 1999 per
1065 1929 1172 1978 annos
1193 1906 1283 1976 llud
1302 1906 1456 1998 augenda

182 2031 225 2078 ex
252 2008 421 2080 reditibus
446 2011 671 2082 haereditaria
696 2011 807 2093 bona,
826 2011 1120 2082 administratores
1144 2011 1249 2082 etiam
1275 2012 1456 2082 constituti

182 2113 300 2204 erant)
324 2113 513 2186 secuudum
538 2117 625 2186 bane
651 2116 732 2186 Titii
759 2116 972 2186 voluntatem
990 2115 1034 2185 ab
1051 2115 1210 2186 indicatis
1227 2114 1457 2206 Regularibus

182 2220 412 2309 postularunt,
432 2235 470 2290 ut
488 2221 642 2313 praefato
659 2223 796 2293 haeredi
814 2223 848 2290 iu
866 2235 1072 2314 perpetuom
1086 2221 1333 2292 concederetur
1345 2223 1457 2315 iuspa·

181 2337 339 2397 tronatus
363 2327 476 2398 dictae
501 2326 661 2420 Capellae
685 2351 764 2398 cum
792 2328 924 2398 iuribus
941 2343 976 2400 et
992 2327 1277 2399 bonorificieutiis
1293 2329 1334 2398 ad
1358 2351 1456 2420 prae·

180 2429 348 2523 scriptum
372 2433 433 2503 SS.
453 2432 649 2516 Canonum,
671 2433 913 2528 legitimaeque
938 2434 1198 2505 consuetudinis
1222 2433 1264 2502 ad
1290 2445 1453 2525 patronos

180 2537 432 2626 spectantibus.

250 2639 455 2711 Huiusmodi
472 2643 641 2734 petitione
654 2664 673 2711 a
687 2642 869 2734 Religiosis
886 2640 1119 2711 favorabiliter
1131 2653 1289 2734 excepta,
1305 2641 1347 2712 ad
1361 2665 1454 2712 eum·

179 2741 258 2814 dem
283 2744 469 2827 effectum,
497 2747 707 2838 exquisitum
760 2747 1012 2837 obtentumque
1037 2746 1103 2816 fuit
1128 2745 1365 2839 apostolicum
1389 2744 1453 2817 Be-

178 2848 388 2940 ueplacitum
405 2851 452 2942 (l)
467 2873 534 2942 quo
554 2851 706 2922 «SSffaus
722 2851 869 2942 benigue
886 2851 1009 2920 annuit
1025 2873 1064 2921 ac
1081 2864 1262 2944 propterca
1279 2853 1452 2922 committi

180 2953 390 3025 amandavit
418 2955 457 3025 P.
479 2955 636 3026 Ministro
670 2956 820 3047 generali
846 2956 1000 3038 ordinis,
1027 2970 1066 3025 ut
1099 2957 1189 3026 veris
1222 2956 1453 3028 existentibus

180 3083 197 3124 a
214 3061 373 3143 narratis,
397 3061 543 3152 petitam
568 3061 770 3133 facultatem
788 3086 850 3133 suo
866 3063 1010 3155 arbitrio
1051 3074 1086 3133 et
1102 3063 1312 3132 conscientia
1330 3085 1453 3134 conce·

179 3163 326 3246 aderet,
353 3167 402 3236 ita
429 3178 542 3237 tamen
561 3178 601 3235 ut
612 3165 782 3239 Patronus
806 3168 849 3238 ad
873 3167 1172 3238 manutentionem
1197 3166 1308 3238 dictae
1333 3165 1454 3260 Capel-

179 3267 265 3340 alae
289 3272 331 3340 ad
356 3273 607 3364 praescriptum
633 3273 693 3344 SS.
708 3274 887 3345 Canonum
907 3284 1085 3344 teneretur
1091 3325 1159 3344 .....
1166 3297 1181 3340 u

246 3373 317 3444 Hae
342 3375 484 3447 obtenta
509 3376 689 3461 facultate,
709 3378 897 3470 llegulares
914 3377 1173 3469 iuspotronatus
1188 3378 1223 3446 iu
1241 3391 1449 3470 perpetuum

177 3478 382 3551 haeredibus
407 3484 538 3554 vocatis
562 3495 809 3556 concesserunt
833 3504 913 3554 cum
938 3482 1012 3552 iure
1038 3482 1211 3577 sepulchri
1235 3483 1396 3574 gentilitii
1415 3485 1449 3552 in

176 3583 296 3654 eadem
322 3583 474 3678 Capella.

246 3687 366 3782 ltaque
392 3693 642 3764 testamentarii
668 3693 882 3765 Executorcs
911 3691 1003 3761 illico
1032 3691 1274 3762 instaurandae
1298 3689 1450 3783 capellae

174 3813 298 3862 manus
322 3811 574 3887 apposuerunt:
593 3798 652 3869 scd
670 3820 773 3889 opere
790 3795 966 3879 absoluto,
985 3819 1064 3867 curn
1082 3797 1251 3887 integram
1276 3817 1449 3866 summam

172 3909 263 3968 scut.
283 3901 413 3982 20,000
430 3925 517 3995 opus
542 3903 626 3974 illud
653 3903 901 3996 absumpserit.
916 3905 1046 3996 opinati
1065 3915 1144 3973 sunt
1161 3901 1351 3996 praefatam
1369 3902 1450 3976 bae·

228 4111 263 4180 (t)
280 4113 348 4166 Corn
366 4113 477 4166 ecclesia
496 4114 534 4167 ael
554 4113 656 4182 capella
679 4112 781 4178 libera,
834 4111 989 4166 auctoritas.
1014 4113 1052 4165 Eo
1072 4111 1112 4165 vel
1135 4111 1219 4176 magis
1240 4107 1311 4179 quod
1333 4110 1359 4162 iu
1384 4125 1449 4163 casu

172 4195 383 4264 iuripatroaatus
406 4204 447 4250 est
477 4195 669 4263 subiicienda,
694 4212 724 4250 ex
751 4196 784 4249 li·
834 4197 952 4265 exposito
964 4196 1094 4266 agebatur
1106 4195 1138 4251 de
1150 4196 1317 4250 subiectione
1328 4202 1355 4248 et
1364 4197 1446 4248 servi-

171 4277 234 4334 bera
249 4279 374 4346 litserra,
385 4289 415 4336 ot
429 4281 480 4337 dici
494 4282 573 4348 solet,
585 4291 611 4336 et
626 4282 669 4335 bio
689 4283 783 4335 trausi-
834 4289 890 4336 tute
900 4282 927 4335 iu
940 4281 1055 4336 favorem
1068 4283 1208 4336 laicorum.
1222 4283 1294 4349 Cap.
1309 4285 1335 4335 2.
1352 4280 1387 4333 de
1401 4294 1446 4332 re·

171 4363 589 4434 tas‚estquaedamalieuationis
600 4367 784 4435 species3pro-
835 4365 884 4420 baa
901 4364 1005 4420 Ecclea.
1021 4381 1074 4418 aaa
1099 4365 1222 4419 alienon.
1239 4369 1267 4416 ta
1280 4369 1295 4416 o
1309 4367 1337 4418 et
1357 4365 1445 4417 Decii.

172 4445 289 4512 indeque
313 4463 343 4502 ax
367 4450 424 4497 lure
451 4451 567 4508 exiritur
588 4451 621 4502 R.
647 4450 784 4504 Pontificis
836 4453 894 4503 aot.
909 4447 1447 4518 araasetaparr.atttqueauctores.
