3282 5008
198 399 263 466 ¹52
741 420 920 468 sancsone.

197 547 214 590 v
234 519 433 616 pecuniaria
450 521 589 594 multari
608 545 676 593 non
695 523 820 617 possit,
839 545 950 616 neque
967 525 1174 617 sperandum
1193 525 1253 610 sit,
1268 547 1396 618 poenas
1412 545 1471 597 ec·

199 628 461 712 eclesiasticos,
489 629 680 722 privatione
707 627 866 702 benelicii
890 630 1052 710 minores,
1072 633 1113 702 ad
1131 631 1306 704 meliorem
1329 631 1470 723 frugem

198 758 214 798 v
234 755 315 804 eum
336 756 411 806 esse
429 734 647 816 reducturos,
666 733 859 827 Episcopus
874 747 990 806 orator
1005 735 1199 808 humillime
1215 740 1302 830 petit
1323 759 1471 828 respon·

200 861 215 901 o
236 859 313 907 sum
331 838 403 909 dari
421 837 580 930 sequenti
596 836 810 930 quaestioni:
824 861 868 911 an
885 839 926 910 ad
943 839 1073 910 dictum
1093 839 1296 922 Parochum,
1315 842 1357 922 si,
1371 841 1469 933 quod

198 968 214 1007 a
233 941 359 1015 Orator
383 956 492 1024 tenet,
511 964 578 1014 non
597 941 816 1026 emendetur,
836 957 977 1037 propter
993 955 1218 1016 memoratam
1231 944 1469 1038 profusionem

199 1071 215 1112 a
235 1047 364 1139 ipsius,
391 1047 545 1140 aliosque
568 1045 651 1118 huic
674 1046 762 1116 sorte
787 1049 919 1120 similes
934 1047 1163 1121 beneficiatos
1188 1049 1347 1143 applicari
1371 1049 1468 1142 quod:

200 1151 271 1223 aS.
290 1151 398 1223 Conc.
419 1151 660 1224 Tridentinum
676 1174 755 1222 sess.
775 1156 815 1222 tl
841 1177 913 1249 cop.
936 1160 955 1224 ii
976 1155 1017 1224 de
1032 1155 1171 1248 resolvo.
1189 1155 1231 1227 de
1251 1157 1291 1225 iis
1314 1156 1373 1247 qui
1391 1167 1470 1226 tur-

199 1285 214 1325 a
234 1259 326 1354 piter
347 1271 384 1330 et
403 1258 601 1330 scandaloso
625 1258 748 1328 vivunt
771 1261 970 1343 constituit,
992 1259 1139 1352 indeque
1164 1261 1199 1331 in
1224 1283 1283 1332 eos
1305 1260 1465 1332 beneficii

200 1363 384 1456 »privatio
410 1363 515 1432 statui
540 1359 678 1456 possit?
702 1360 761 1433 Sin
786 1363 902 1436 minus
926 1364 1051 1458 quibus
1075 1363 1151 1434 aliis
1175 1365 1261 1436 iuris
1283 1363 1467 1444 remediis,.

199 1493 215 1534 r
235 1466 422 1548 scandalis,
440 1488 528 1559 quae
553 1466 639 1538 tales
656 1466 797 1536 Parocbi
819 1468 873 1538 vel
890 1467 1088 1540 beneficiati
1106 1491 1168 1539 sua
1192 1469 1293 1562 culpa
1310 1469 1469 1541 obaerati

200 1598 215 1639 v
236 1571 374 1665 publice
398 1569 587 1664 praebent,
610 1593 649 1641 ac
673 1569 827 1663 periculo
851 1595 894 1642 ex
919 1583 1017 1667 parte
1041 1571 1178 1642 illorum
1204 1573 1397 1646 imminenti
1420 1572 1471 1642 ab

202 1705 218 1744 o
239 1679 412 1772 Episcopo
435 1677 481 1746 sit
505 1674 813 1748 occurrendumlo

269 1785 371 1857 Hisce
405 1783 573 1878 expositis
605 1784 765 1876 precibus
796 1807 838 1854 ex
869 1785 976 1879 officio
1008 1785 1176 1859 eiusmodi
1208 1784 1474 1858 observationes

200 1891 488 1983 adiungebantur.

271 1997 420 2070 Poenam
450 1997 652 2090 privationis
681 1996 840 2069 beneficii
869 1997 1084 2090 irrogandam
1112 1997 1146 2067 in
1175 2019 1256 2067 casu
1283 1996 1470 2068 suaderent

198 2101 346 2175 fortasse
372 2102 564 2174 Tridentini
590 2101 694 2174 verba
720 2103 753 2172 in
772 2104 829 2174 cit.
847 2125 920 2199 cop.
940 2103 999 2174 ubi
1023 2104 1173 2177 Clerieos
1197 2102 1395 2173 scandaloso
1420 2100 1473 2169 vi·

198 2221 337 2292 ventes,
354 2221 390 2281 et
407 2210 441 2279 in
467 2209 626 2280 scandalo
651 2219 729 2302 post
757 2211 965 2281 monitiones
994 2221 1264 2301 perseverantes,
1283 2231 1384 2301 posse
1408 2229 1471 2302 per

198 2315 408 2410 Episcopum
424 2314 591 2388 beneficio
608 2317 747 2408 privari,
759 2316 905 2388 edicitur
910 2339 922 2401 3
934 2327 969 2388 et
981 2315 1186 2399 Parochum,
1200 2314 1242 2386 de
1258 2336 1327 2406 quo
1340 2315 1468 2406 agitur,

198 2445 318 2495 revera
338 2422 577 2517 prodigalitate
602 2445 680 2504 sua,
707 2420 783 2492 aliis
805 2422 964 2494 scandalo
990 2445 1065 2495 esse
1090 2422 1281 2515 Episcopus
1305 2430 1469 2499 testatur.

201 2528 306 2620 idque
320 2551 361 2600 eo
374 2527 429 2600 vel
442 2529 551 2619 magis
564 2529 592 2599 si
607 2527 839 2621 perpendatur
854 2529 955 2600 aliam
973 2527 1101 2598 nullam
1119 2547 1263 2618 poenam
1277 2524 1471 2617 privatione

199 2633 359 2704 beneficii
375 2633 557 2718 minorem,
576 2634 769 2706 adParocbi
783 2635 1056 2705 emendationem
1075 2635 1248 2704 ellicaeem
1265 2630 1469 2701 existimari.

271 2738 338 2810 Sed
364 2761 382 2810 e
403 2750 523 2810 contra
551 2740 798 2813 observabatur
824 2741 1061 2829 gravissimam
1077 2738 1164 2808 hanc
1181 2756 1339 2830 poenam,
1358 2756 1471 2827 neque

202 2846 276 2918 iure
300 2843 361 2916 SS.
387 2843 587 2929 Canonum,
615 2859 727 2938 neque
752 2868 795 2917 ex
818 2845 964 2917 Consilii
990 2844 1182 2917 'lridentini
1208 2842 1401 2922 sanctione,
1428 2841 1470 2910 ad

201 2951 380 3044 expositae
405 2949 527 3043 culpae
545 2953 789 3025 coercitionem
807 2952 931 3021 rnerito
948 2951 1054 3042 inssigi
1071 2973 1183 3044 posse.
1203 2947 1360 3021 Canones
1377 2946 1470 3017 enim

201 3057 354 3129 Clericos
369 3065 558 3148 apostatas,
571 3057 759 3128 homicidas
776 3058 852 3129 aliis
869 3057 1034 3148 gravioris
1046 3068 1148 3128 notae
1161 3055 1363 3126 criminibus
1380 3074 1471 3132 reos,

203 3162 396 3252 privatione
413 3161 569 3234 beneficii
588 3163 780 3252 puniendos
796 3164 998 3244 decernunt,
1014 3163 1156 3232 minime
1171 3184 1249 3232 vero
1266 3160 1377 3232 alieno
1394 3179 1473 3228 aere

204 3263 399 3336 obaeratos.
427 3265 628 3336 Tridentino
647 3288 727 3335 vero
744 3265 902 3358 Synodus
926 3266 983 3335 cit.
1002 3262 1064 3334 loc.
1083 3266 1125 3336 de
1149 3263 1291 3336 Clericis
1316 3259 1476 3334 concubi-

204 3369 310 3440 uariis
326 3381 362 3440 et
378 3367 530 3438 libidinis
548 3370 631 3440 vitio
649 3369 837 3460 inquinatis
861 3370 1030 3462 loquitur,
1049 3369 1107 3459 qui
1128 3391 1252 3462 nempe
1273 3369 1421 3457 turpiter
1437 3375 1473 3432 et

205 3473 405 3544 scandalose
430 3474 571 3553 vivunt,
589 3499 652 3544 cen
670 3498 707 3545 se
725 3473 853 3543 babent
879 3476 982 3546 verba
999 3497 1017 3546 a
1035 3473 1188 3546 Concilio
1208 3470 1358 3542 adbibita
1378 3472 1476 3539 iuxta

201 3601 425 3650 communem
443 3579 513 3648 bb.
534 3581 758 3662 sententiam,
775 3578 911 3650 Picbler
927 3603 998 3675 cop.
1016 3583 1035 3648 i
1056 3579 1097 3649 de
1112 3577 1227 3648 robob.
1242 3576 1322 3648 cler.
1341 3589 1371 3644 et
1389 3572 1472 3643 rurrl.

275 3685 393 3776 Neque
418 3685 589 3756 efficacem
616 3686 889 3777 subiungebatur
920 3687 1133 3779 propositam
1166 3705 1310 3774 poenam
1341 3680 1472 3764 videri3

204 3793 288 3883 quin
306 3792 375 3861 imo
392 3790 565 3862 Parochns
586 3791 644 3861 illo
669 3792 836 3863 beneficio
856 3793 1027 3882 privatus,
1046 3793 1199 3882 adeoque
1222 3790 1263 3858 ad
1285 3798 1474 3878 egestatem

203 3897 380 3978 redactus,
401 3919 479 3967 aere
504 3897 617 3967 alieno
642 3899 750 3989 magis
771 3898 948 3989 magisque
969 3909 1181 3988 gravaretur,
1202 3893 1255 3964 vel
1282 3893 1480 3964 mendicato

202 4002 362 4072 victitare
388 4025 511 4092 magno
536 4025 615 4072 cum
640 4003 769 4073 ordinis
794 4002 963 4076 clericalis
988 4003 1153 4074 dedecore
1179 4011 1370 4092 cogeretur.

274 4108 458 4179 Caeterum
477 4109 518 4178 ad
536 4112 785 4182 occurrendum
811 4110 911 4179 malis
928 4133 970 4181 ex
991 4111 1096 4178 nimia
1118 4107 1210 4178 illius
1229 4105 1370 4178 Parochi
1397 4128 1481 4197 pro—

203 4213 339 4285 lusione
364 4215 518 4297 exortis,
546 4227 581 4285 et
605 4215 645 4284 ad
673 4215 803 4284 maiora
828 4215 975 4286 fabricae
1001 4214 1165 4285 ecclcsiae
1190 4213 1312 4283 damna
1339 4233 1478 4303 praeca·

203 4319 331 4402 troada,
351 4342 429 4390 cum
447 4343 527 4412 spes
544 4343 610 4390 non
630 4335 735 4404 esset,
752 4321 823 4392 lore
841 4333 879 4391 ut
896 4321 1034 4392 levioris
1056 4321 1221 4390 momenti
1244 4319 1363 4410 poems
1388 4316 1477 4386 mul·

202 4435 310 4506 tatuS,
331 4426 565 4520 resipisceret.
586 4426 830 4498 remittebatur
855 4426 926 4496 EE.
946 4426 1106 4496 Patribus
1124 4424 1409 4518 expendendum:
1432 4443 1479 4490 an
