3282 5008
185 412 251 484 tto
664 437 795 484 aanvrrn
820 437 981 486 cunutus.

251 539 333 611 Post
353 539 438 612 haec
477 563 567 610 unus
584 563 627 612 ex
644 539 825 611 tanonttis
842 541 972 633 scripto
990 539 1150 631 protulit,
1166 565 1203 613 se
1220 564 1360 614 noscere
1376 565 1465 614 con-

179 645 349 718 ditionem
374 646 580 717 valetudinis
598 646 809 718 habitualem
826 645 990 717 Canonici
1009 645 1064 729 Ν.,
1076 648 1176 718 cuius
1193 650 1457 720 antecedentem

180 753 317 824 vivendi
334 754 475 823 modum
500 753 785 830 commendabat,
811 765 848 824 et
872 751 1067 823 testabatur
1091 777 1133 825 ex
1160 755 1296 847 propria
1312 755 1456 826 scientia

179 859 392 932 Canonicum
410 857 450 928 N.
463 882 524 950 per
541 860 692 950 integras
710 857 942 928 hebdomadas
957 869 993 928 et
1009 879 1146 930 menses
1163 883 1182 930 e
1200 861 1335 952 propria
1352 861 1456 930 domo

179 985 248 1034 non
274 965 388 1046 exire,
407 977 443 1036 et
459 965 613 1035 ciusdem
640 963 841 1035 defensione
866 975 1057 1056 assumpta,
1083 963 1283 1061 Capitulum
1308 967 1457 1059 denique

179 1071 406 1163 redarguebat
431 1082 552 1163 utpote
577 1068 668 1162 quod
693 1069 735 1138 ad
762 1069 874 1160 ipsum
892 1081 1012 1140 contra
1028 1067 1264 1162 capitularem
1283 1071 1455 1164 inquirere

180 1199 247 1246 uon
264 1177 456 1269 spectabat.

250 1283 350 1354 Hisce
376 1305 480 1375 super
508 1282 619 1352 literis
651 1281 777 1351 iterum
803 1279 1001 1373 Capitulum
1028 1282 1137 1352 audiri
1163 1283 1338 1374 oportuit,
1363 1287 1451 1375 quod

178 1389 380 1480 respondit,
407 1411 444 1460 se
470 1408 645 1479 nunqnam
671 1387 919 1458 documentum
945 1387 1071 1457 vidisse
1096 1401 1245 1460 assertae
1277 1389 1457 1460 ialinnita·

181 1495 244 1564 tis:
272 1517 384 1587 neque
415 1496 535 1566 deesse
567 1494 717 1564 rationes
741 1515 829 1584 quae
855 1493 1022 1564 suadeant
1053 1509 1200 1564 assertas
1233 1495 1456 1566 infirmitates

177 1621 246 1668 non
265 1621 339 1670 esse
357 1599 472 1691 magni
490 1599 672 1678 momenti,
684 1621 726 1669 ex
740 1619 781 1668 eo
794 1598 883 1688 quod
903 1596 1060 1669 Decanus
1077 1596 1117 1666 N.
1135 1622 1196 1690 per
1213 1599 1335 1671 urbem
1353 1621 1457 1690 saepe

178 1719 382 1796 vagaretur,
402 1719 437 1776 et
455 1706 496 1775 ad
522 1703 660 1775 Missam
686 1703 926 1774 celebrandam
944 1727 981 1775 se
998 1703 1174 1776 conferret
1213 1706 1254 1776 ad
1272 1705 1455 1776 ecclesiam

176 1833 196 1880 a
221 1810 418 1882 Cathedrali
445 1833 513 1882 non
537 1811 718 1894 dissitam;
745 1823 780 1880 et
807 1822 920 1881 tamen
947 1834 988 1881 eo
1013 1812 1089 1903 ipso
1113 1833 1203 1882 anno
1228 1835 1246 1882 a
1272 1811 1382 1903 prima
1399 1811 1456 1880 die

178 1917 325 1988 launarii
351 1941 462 2011 usque
487 1919 528 1988 ad
554 1918 645 1989 diem
671 1917 828 2009 quintam
847 1917 940 1999 Maii,
959 1939 1025 2010 qua
1052 1917 1136 1988 haec
1152 1911 1351 2010 Capitulum
1370 1918 1461 1988 scri-

177 2021 306 2103 bebat,
333 2045 509 2116 nunquam
535 2020 693 2094 Decimus
717 2021 757 2092 N.
777 2022 882 2093 cboro
900 2022 1128 2098 interluisset.

246 2127 388 2198 Praeter
412 2128 495 2198 baec
514 2150 554 2198 ex
574 2127 700 2198 habitis
724 2126 836 2196 literis
858 2126 1041 2198 constabat
1065 2143 1188 2199 tenues
1213 2129 1353 2199 omnino
1378 2150 1455 2198 csse

175 2231 438 2303 distributiones
469 2232 689 2324 quotidianas
722 2231 757 2300 ln
786 2233 1043 2324 comparatione
1074 2233 1264 2303 fructuum.
1296 2233 1454 2304 llecanus

175 2341 283 2421 enim,
301 2361 345 2408 ex
361 2338 556 2431 praebenda
574 2353 609 2410 et
627 2339 867 2432 proventibus,
894 2351 1029 2410 scutata
1053 2341 1240 2430 quotannis
1259 2342 1325 2410 350
1342 2341 1452 2432 perci-

175 2442 319 2535 piebat,
346 2456 381 2513 et
405 2442 622 2514 solummodo
647 2443 751 2514 titulo
775 2455 1063 2535 punctaturarum
1090 2445 1147 2513 vix
1173 2457 1308 2515 scutata
1326 2449 1370 2514 to
1392 2467 1458 2514 au-

175 2569 243 2617 nua
261 2547 489 2640 persolvebat.
509 2548 596 2620 Hinc
612 2570 655 2619 ex
670 2549 779 2643 officio
796 2550 1046 2621 observabatur
1063 2549 1348 2621 distributionum
1365 2573 1459 2620 mas·

175 2675 249 2724 sam
274 2677 341 2726 nou
366 2655 561 2748 pertingere
578 2655 619 2726 ad
639 2657 776 2726 tertiam
794 2655 970 2726 lructuum
996 2669 1033 2727 et
1057 2672 1289 2749 proventuum
1317 2671 1453 2750 partem

175 2763 273 2832 iuxta
297 2763 550 2854 praescriptum
573 2785 593 2833 a
618 2762 820 2835 Tridentino
845 2762 1000 2834 Concilio
1024 2785 1103 2832 sess.
1124 2767 1167 2832 Ἠ
1185 2787 1259 2858 cop.
1279 2765 1300 2834 3
1325 2763 1365 2833 de
1391 2763 1457 2832 lle·

173 2867 274 2961 [orm.
302 2869 416 2955 Quare
440 2868 537 2940 iuxta
562 2869 598 2940 S.
617 2869 657 2940 C.
678 2870 826 2963 praxim,
845 2892 912 2961 qua
929 2871 1023 2940 bisce
1048 2871 1082 2939 in
1109 2869 1246 2940 casibus
1272 2867 1456 2961 Episcopis

174 2974 367 3067 iniungitur
398 2990 438 3045 ut
469 2989 593 3046 curent
624 2977 783 3048 satisfieri
808 2975 953 3047 Concilri
985 2977 1149 3059 decreto,
1182 2975 1275 3045 aliud
1307 2973 1451 3044 dubium

173 3081 309 3153 duobus
334 3082 563 3176 inlrascriptis
586 3105 692 3176 super
715 3084 779 3154 bac
804 3106 840 3156 re
866 3083 1022 3154 additum
1049 3095 1116 3154 est.

575 3309 818 3376 Dtseeptntto
838 3312 1052 3375 synoptico.

245 3495 595 3568 Animadvertebatur
619 3520 662 3567 ex
684 3498 794 3591 officio
818 3521 887 3568 non
913 3519 1015 3590 posse
1041 3497 1074 3567 in
1100 3498 1243 3568 dubium
1270 3496 1449 3576 revocari,

174 3615 405 3672 memoratum
423 3602 634 3676 Canonicum
649 3605 825 3675 Decanum
839 3629 902 3697 per
920 3607 1084 3675 maiorem
1102 3606 1182 3673 anni
1204 3618 1338 3696 partem
1355 3603 1452 3673 chori

173 3707 316 3777 servitio
346 3708 486 3791 deesse3
512 3710 582 3780 imo
607 3709 741 3780 ultimis
768 3711 982 3801 temporibus
999 3722 1034 3780 et
1052 3710 1255 3802 praesertim
1281 3730 1322 3779 eo
1346 3731 1450 3787 anno,

171 3834 241 3905 qno
266 3815 425 3905 quaestio
450 3816 628 3906 agebatur,
656 3817 795 3909 penitus
819 3816 997 3897 abluerat,
1024 3839 1102 3886 cum
1121 3839 1139 3884 a
1158 3816 1269 3906 primo
1303 3813 1450 3884 lanuarii

171 3920 227 3992 dio
263 3943 373 4013 usque
405 3923 449 3992 ad
481 3923 573 3993 diem
604 3923 761 4014 quintam
789 3923 866 3992 llaii
894 3945 936 3992 ne
970 3945 1036 3991 una
1066 3922 1206 4014 quidem
1238 3921 1313 3992 vice
1345 3920 1452 3991 choro

171 4049 335 4118 praesens
355 4027 540 4099 adstiterit.
568 4027 641 4114 Qua
666 4052 770 4121 snper
794 4052 831 4098 re
856 4051 920 4098 nec
945 4029 1018 4120 ipse
1036 4027 1193 4098 Decanus
1211 4026 1263 4098 vel
1282 4026 1370 4098 alter
1386 4025 1452 4094 Ca·

171 4132 316 4202 nonicus
341 4132 469 4224 aliquid
496 4135 531 4202 in
557 4135 767 4204 contrarium
794 4133 1035 4217 deduxerunt;
1060 4157 1099 4203 ea
1127 4156 1206 4204 vero
1230 4156 1319 4225 quae
1345 4133 1449 4204 iidem

170 4239 431 4332 responderant,
448 4241 549 4311 unice
567 4263 689 4310 causas
706 4240 883 4311 absentiae
898 4252 933 4311 et
947 4242 1188 4311 exornationes
1202 4239 1448 4333 respiciebant.

233 4346 394 4417 Adluisse
404 4347 585 4418 videbatur
599 4347 751 4438 legitima
763 4369 865 4417 causa
878 4345 1058 4418 abessendi
1074 4371 1091 4416 a
1105 4348 1222 4427 choro,
1235 4369 1275 4416 eo
1288 4357 1446 4437 tempore

167 4473 237 4544 qno
271 4449 428 4522 [lecanus
463 4453 513 4522 nti
544 4453 691 4547 simplex
724 4451 919 4524 Canonicus
956 4453 1155 4524 obtinuerat
1182 4451 1446 4528 coadiutorem,
