3282 5008
654 434 787 482 senttsn
805 438 963 485 cuonrtrs.
1379 421 1445 488 tta

168 547 343 603 setnrmtnr
366 531 502 629 repnloe
525 559 546 606 o
572 535 608 610 S.
630 536 779 610 Concilio
805 540 1001 613 Tridentino
1025 556 1057 613 et
1081 566 1103 613 o
1128 541 1164 616 S.
1186 543 1452 637 Conprepotionc

168 633 351 732 interprete
363 641 593 736 praescriptae
609 643 701 714 circo
717 645 967 717 distributiones
983 661 1016 718 et
1027 647 1211 742 sallentino.

242 847 293 917 Ex
312 872 421 927 oureus
436 874 677 924 sperneremus:

242 955 267 1024 1.
286 955 499 1028 Canopicum
522 959 704 1032 absentem
722 961 756 1030 in
776 962 943 1034 eiusmodi
970 964 1232 1057 quaestionibus
1249 964 1347 1042 illum
1365 966 1449 1047 dici,

170 1063 230 1155 qui
256 1063 352 1134 chori
377 1067 518 1137 servitio
542 1090 612 1138 non
638 1069 842 1153 intervenit,
869 1071 994 1142 sivein
1012 1071 1132 1144 eadem
1157 1071 1305 1142 choralis
1330 1072 1450 1143 Eccle-

169 1169 243 1242 siae
260 1172 346 1243 nrbe
363 1173 529 1256 resideat,
550 1175 623 1247 sive
640 1176 741 1269 longe
758 1178 860 1248 absit.

241 1275 283 1344 ll.
312 1275 384 1347 lmo
408 1275 621 1349 Canopicum
647 1283 780 1352 censeri
805 1283 985 1354 absentem
1002 1285 1137 1356 etiamsi
1156 1285 1330 1356 interdum
1352 1287 1448 1356 chori

169 1381 315 1454 servitio
339 1384 541 1456 satisfaciat.

240 1486 299 1558 lll.
325 1486 437 1575 Quare
449 1491 489 1558 ‘si
516 1490 607 1562 ultra
627 1504 697 1562 tres
714 1515 867 1574 menses,
887 1493 960 1564 sire
977 1495 1174 1575 continuos,
1190 1496 1263 1566 sive
1281 1494 1371 1564 intra
1390 1518 1450 1564 an-

170 1614 255 1664 num
281 1595 515 1688 interruptos,
542 1597 661 1669 debito
685 1600 780 1670 chori
805 1600 947 1672 servitio
973 1625 1040 1671 non
1067 1602 1277 1685 satisfaciat,
1304 1603 1370 1672 nisi
1404 1602 1452 1673 le·

170 1698 327 1790 gitimam
353 1699 531 1772 absentiae
556 1724 696 1772 causam
721 1717 842 1798 aperte
870 1705 1098 1788 demonstret,
1118 1720 1256 1798 praeter
1284 1707 1452 1778 distribu-

171 1805 307 1878 tionum
332 1806 553 1878 amissionem
572 1830 635 1900 pro
651 1821 725 1880 rata
749 1809 946 1891 absentiae,
974 1810 1101 1902 privari
1130 1811 1324 1882 successive
1348 1833 1451 1903 posse

169 1931 232 2001 per
256 1911 379 1982 iudicis
404 1913 615 1985 sententiam
641 1915 811 1986 fructibus
828 1916 1000 1999 beneficii,
1015 1917 1056 1987 ud
1083 1939 1237 1988 normam
1253 1917 1451 1989 Tridentini

171 2015 320 2089 [tect-eti.

673 2245 934 2278 ——Qflb—

312 2497 618 2572 nnstnssttrtnn
645 2501 706 2573 nt
732 2498 1015 2572 Pntvartottts
1040 2498 1302 2571 FRUCTUUM.

206 2745 461 2802 Dtenlnnr'ttaos.
1035 2746 1108 2804 Sese.
1121 2753 1189 2804 tte.
1203 2745 1410 2816 tuderrrj'om.

238 2997 523 3062 commaritu-
554 2997 661 3054 rust.
689 2986 883 3059 Canonicus
902 2987 942 3056 Α.
962 2982 1205 3058 conciliaribus
1223 2981 1329 3052 trium
1348 3004 1444 3052 ruen-

169 3089 260 3160 sinm
285 3091 526 3163 vacationibus
541 3115 646 3174 usus,
664 3092 811 3163 Romam
839 3105 908 3161 tres
933 3087 1147 3160 successivos
1171 3108 1280 3157 annos
1304 3099 1451 3157 venerat

169 3218 268 3266 suam
293 3195 527 3269 valetudinem
551 3212 748 3270 curaturus.
775 3197 863 3269 Cum
889 3219 969 3267 vero
995 3219 1013 3264 a
1038 3193 1191 3264 medicae
1217 3193 1302 3263 artis
1332 3193 1450 3285 perito

169 3300 303 3394 longior
330 3302 371 3372 ad
403 3301 439 3373 id
472 3305 507 3374 in
532 3304 625 3376 Urbe
657 3303 940 3376 commemoratio
966 3299 1158 3372 necessaria
1182 3297 1448 3376 diiudicaretur,

169 3405 204 3476 S.
223 3409 533 3501 Congregationem
552 3409 694 3482 Consilii
721 3410 866 3504 supplex
892 3410 1016 3491 adivit,
1032 3407 1135 3480 etdie
1151 3411 1171 3476 2
1186 3407 1333 3498 Augusti
1356 3411 1444 3475 1856

169 3516 342 3588 indultum
359 3517 537 3591 absentiae
553 3519 704 3589 obtinuit
717 3541 737 3587 o
750 3517 805 3587 die
821 3518 982 3588 discessus
998 3538 1100 3609 nsque
1116 3513 1162 3584 od
1178 3528 1283 3583 totum
1300 3537 1449 3583 mernere

171 3619 373 3714 Septembris
385 3624 538 3716 proximi
553 3622 776 3717 turturinum
794 3621 968 3692 indultum
980 3619 1103 3691 deinde
1116 3618 1157 3687 nd
1172 3617 1258 3687 alios
1274 3641 1334 3688 sex
1351 3639 1450 3687 men·

170 3749 225 3798 ses
249 3741 469 3820 prorogatum
494 3727 574 3799 luit.
602 3728 728 3820 Elapso
751 3727 911 3798 semestri
936 3747 998 3818 pro
1022 3722 1179 3794 ulteriori
1204 3720 1448 3815 prorogatione

171 3832 274 3904 tertio
303 3834 454 3916 institit,
481 3835 540 3905 sed
566 3848 749 3908 revocante
775 3834 948 3926 Episcopo
972 3832 1127 3903 eiusdem
1152 3829 1386 3922 praesentiam
1412 3828 1446 3896 in

170 3936 325 4008 Dioeccsi
350 3951 386 4010 et
411 3937 444 4006 in
470 3938 597 4021 choro,
623 3940 679 4011 die
707 3943 747 4008 16
775 3938 861 4008 lunii
892 3941 979 4006 1666
1012 3935 1219 4028 rescriptum
1245 3956 1265 4003 a
1290 3933 1326 4003 S.
1345 3932 1385 4003 C.
1405 3931 1446 4002 C.

170 4042 237 4112 tuit
259 4043 406 4134 potedeot
425 4042 625 4136 impetretis.
650 4042 719 4114 Nec
744 4066 804 4136 spe
831 4054 946 4112 tamen
973 4041 1112 4110 omnino
1142 4037 1270 4109 decidit
1299 4035 1450 4106 Canoni-

170 4173 255 4222 cus:
280 4172 409 4221 norum
434 4151 526 4222 enim
552 4164 637 4221 tunc
661 4151 789 4222 obtulit
814 4149 1004 4241 supplicem
1030 4146 1211 4230 libellum,
1239 4167 1306 4235 quo
1325 4166 1341 4212 a
1362 4140 1450 4211 Bea-

171 4259 306 4328 tissimo
328 4255 432 4329 Patre
458 4257 659 4350 efflagitavit
685 4258 765 4328 anni
790 4258 942 4350 spatium
965 4255 1007 4325 ad
1032 4252 1294 4325 deliberandum
1320 4273 1363 4320 an
1381 4249 1448 4318 sibi

170 4362 279 4456 magis
310 4363 491 4455 expediret
523 4361 713 4433 canonicali
747 4361 961 4454 praebendae
986 4360 1208 4439 renunciare,
1245 4356 1297 4427 vel
1330 4357 1451 4449 potius

170 4469 205 4538 in
231 4491 332 4541 suam
357 4466 481 4540 urbem
506 4467 632 4540 redire.
659 4468 706 4536 At
731 4467 788 4539 die
813 4472 855 4538 28
882 4465 1095 4560 Septembris
1124 4468 1211 4533 tatto
1244 4484 1449 4557 responsum
