3248 5004
716 432 918 480 sponsattutt.

571 594 815 664 ntuecptntto
842 602 1059 665 synoptico.

249 745 407 815 Darsnsra
434 769 590 818 aucteurs.
609 747 646 818 ln
671 748 871 821 defensione
888 771 931 820 ere
946 749 1052 844 officio
1070 773 1133 844 pro
1151 749 1284 842 Agnete
1299 758 1453 842 peracta,

180 850 431 924 observabatur
454 850 528 922 dari
552 863 651 924 actus
676 877 719 924 ex
744 856 819 926 iure
837 854 971 938 nullos,
990 857 1049 948 qui
1068 855 1229 928 tamensi
1249 865 1455 946 peragantur

178 959 246 1031 sub
269 956 493 1040 conditione,
519 958 549 1028 si
568 959 728 1055 princeps
751 960 1019 1056 dispensaverit,
1043 984 1146 1033 suum
1170 961 1320 1032 valorem
1339 957 1456 1050 acqui-

179 1079 274 1138 runt.
304 1065 355 1136 lta
380 1064 496 1136 valere
520 1080 681 1135 censetur
705 1066 881 1140 institutio
913 1069 1022 1161 spurii
1076 1067 1141 1139 sub
1173 1064 1396 1145 conditione,
1425 1063 1456 1131 si

176 1175 335 1268 princeps
361 1170 614 1265 dispensaverit.
633 1170 785 1244 Sancbez
807 1169 865 1241 tit.
887 1173 1009 1268 bdisp.
1032 1179 1104 1245 bn.
1125 1175 1181 1242 tt.
1200 1173 1349 1244 Possunt
1371 1169 1454 1248 duo,

178 1289 302 1351 exorta
326 1275 369 1349 de
393 1276 562 1348 beneficio
578 1275 656 1357 lite,
675 1279 803 1370 pacisci
828 1279 919 1351 inter
944 1303 981 1351 se
1005 1279 1047 1352 de
1073 1281 1185 1352 danda
1211 1278 1373 1371 pensione
1390 1273 1456 1345 sub

179 1384 379 1455 conditione
404 1383 434 1452 si
457 1380 554 1476 Papa
577 1380 831 1476 dispensaverit.
858 1383 1085 1458 Reillenstuel
1100 1385 1124 1454 l.
1140 1387 1182 1459 lt
1201 1385 1332 1457 Deerat.
1350 1381 1404 1450 tit.
1420 1383 1452 1449 b.

182 1490 233 1562 De
249 1489 373 1560 condit.
396 1490 538 1582 apposit.
560 1510 595 1556 n.
620 1492 676 1557 td.
700 1488 736 1557 ln
759 1513 841 1560 casu
859 1501 976 1562 autem
994 1491 1085 1563 idem
1103 1493 1157 1562 ius
1177 1491 1332 1563 obtinere
1355 1507 1456 1581 posse

180 1596 377 1676 dicabatur,
399 1615 478 1663 eum
504 1592 655 1662 conditio
682 1593 868 1685 respiceret
892 1595 1187 1688 dispensationem
1212 1617 1316 1686 super
1339 1593 1457 1684 impe-

180 1703 337 1773 dimento
363 1699 446 1768 iuris
469 1698 710 1782 ecclesiastici,
729 1721 818 1792 quae
833 1701 1059 1793 impossibilis
1077 1723 1145 1772 non
1163 1713 1227 1771 est.
1247 1699 1359 1786 Quare
1375 1720 1459 1768 non·

181 1810 264 1879 dum
294 1804 407 1876 soluta
431 1806 652 1888 conditione,
679 1805 904 1898 Sempronius
932 1829 950 1876 a
975 1805 1140 1899 praelatis
1164 1805 1382 1898 sponsalibus
1407 1803 1459 1872 di-

183 1912 323 1984 scedere
350 1933 415 1982 non
441 1923 590 2002 poterat.

253 2015 427 2107 Quidquid
453 2017 618 2108 insuper,
646 2015 943 2108 subiungebatur,
970 2015 1187 2107 disputatum
1212 2014 1258 2084 sit
1283 2015 1374 2085 inter
1400 2012 1459 2083 do-

177 2135 298 2192 ctores
322 2121 364 2189 de
390 2142 479 2190 nava
504 2143 672 2190 consensu
698 2121 893 2191 necessaria
913 2121 1119 2212 praestando
1137 2131 1215 2212 post
1232 2118 1462 2211 dispensatio·

184 2248 263 2296 nem
289 2225 490 2305 obtentam,
512 2225 672 2296 eumdem
693 2246 898 2296 consensum
916 2226 984 2294 iam
1003 2225 1219 2318 praestitisse
1236 2222 1461 2316 Sempronius

182 2331 350 2401 dicendus
367 2343 457 2412 erat,
477 2330 534 2398 vix
559 2351 598 2398 ac
622 2331 785 2400 mandato
803 2330 998 2413 Pontificis,
1017 2339 1076 2423 qui
1094 2328 1255 2422 precibus
1271 2325 1459 2408 annuebat,

182 2435 314 2527 absque
347 2435 417 2506 ulla
446 2436 623 2507 coactione
653 2435 792 2505 obedire
825 2435 967 2527 incepit.
999 2435 1120 2506 adfuit
1150 2433 1294 2529 proinde
1328 2455 1372 2503 ex
1400 2453 1460 2500 sua

185 2555 283 2635 parte
345 2541 501 2633 requisiti
533 2563 721 2613 consensus
753 2543 958 2625 renovatio,
992 2564 1053 2612 seu
1086 2540 1186 2612 datae
1222 2535 1463 2632 promissionis

185 2648 397 2719 ratihabitio.

256 2755 413 2825 Deransra
440 2775 514 2822 vtnr.
544 2753 602 2823 Vir
626 2777 645 2826 e
669 2767 790 2826 contra
822 2755 921 2826 initia
954 2754 1186 2827 contendebat
1210 2776 1252 2825 ex
1280 2750 1368 2822 actis
1392 2771 1461 2819 non

183 2874 345 2932 constare
382 2861 577 2952 appositam
602 2859 708 2933 luisse
734 2860 953 2954 sponsalibus
976 2861 1212 2932 conditionem
1245 2859 1275 2928 si
1303 2855 1464 2948 Pontifex

179 2967 439 3062 dispensaverit.
468 2965 671 3037 Huiusmodi
696 2968 787 3039 enim
813 2967 966 3040 conditio
990 2966 1230 3060 reperiebatur
1254 2965 1436 3044 dumtaxat

185 3077 221 3146 io
240 3073 401 3168 precibus
418 3072 460 3143 ad
477 3071 511 3142 S·
523 3072 646 3144 Sedem
664 3077 844 3166 porrectis,
856 3097 1000 3168 quarum
1013 3075 1236 3167 praecipuam
1253 3093 1372 3144 curam
1390 3069 1463 3162 ipso

190 3180 333 3272 dignetis
357 3192 456 3272 pater
481 3179 596 3250 lavore
613 3179 704 3250 filiae
722 3183 871 3253 movisse
887 3182 1079 3254 dicebatur.

260 3287 386 3357 Verum
403 3285 529 3356 lortius
546 3285 587 3355 ad
604 3307 742 3355 causam
761 3289 940 3370 accedens,
955 3287 1124 3380 allegabat
1142 3285 1194 3353 rir
1211 3285 1320 3376 ipsam
1339 3283 1464 3354 Curiae

186 3392 396 3463 sententiam
415 3393 488 3462 suis
512 3393 719 3462 instructam
745 3393 886 3462 motivis
894 3394 1046 3485 ;quibus
1059 3415 1101 3462 ea
1113 3391 1223 3486 officio
1235 3389 1335 3482 plura
1348 3389 1466 3458 adiun-

185 3497 370 3590 gebantur.
392 3497 586 3569 Praemisso
611 3497 702 3569 enim
721 3498 923 3570 diversitate
939 3500 1190 3570 sententiarum
1209 3507 1390 3566 auctorum
1410 3519 1466 3564 su-

187 3627 251 3696 per
275 3605 338 3674 baa
363 3604 583 3695 quaestione,
610 3603 859 3676 ostendebatur
883 3606 1093 3677 sententiam
1120 3626 1195 3676 esse
1220 3602 1256 3673 S.
1275 3601 1402 3692 Congr.
1422 3601 1462 3671 C.

186 3711 360 3802 sponsalia
384 3710 476 3780 inter
500 3711 695 3781 huiusmodi
722 3712 925 3783 coniunctos
950 3711 1014 3780 sub
1038 3710 1236 3781 conditione
1261 3721 1463 3790 contracta,

188 3816 349 3887 nullitate
374 3815 553 3898 laborare,
588 3842 653 3888 ceu
686 3818 720 3886 in
753 3817 964 3910 Burgnaten.
1002 3815 1214 3910 Sponsalinm
1243 3819 1286 3885 26
1312 3813 1467 3884 lantvrarii

192 3922 281 3990 1709
303 3920 360 3989 lid.
384 3926 425 3992 59
444 3921 576 3992 Deerat.
593 3946 673 4017 paq.
697 3928 753 4008 173
772 3923 975 4016 praesertim
993 3945 1073 3994 vero
1098 3923 1133 3991 in
1159 3922 1302 3992 lanuen.
1324 3918 1468 4015 Sponsa-

185 4025 277 4095 lium
301 4031 340 4096 ta
361 4027 516 4098 Deccmb.
541 4032 628 4099 1733
646 4031 681 4099 in
698 4052 765 4122 qua
782 4029 864 4100 licet
881 4042 1041 4122 ageretur
1065 4030 1108 4100 de
1130 4027 1346 4122 sponsalibus
1370 4027 1468 4096 initis

190 4133 281 4203 inter
297 4135 500 4206 coniunctos
517 4147 640 4228 quarto
657 4136 966 4228 consanguinitatis
990 4137 1119 4227 gradu,
1145 4158 1253 4226 eaque
1273 4135 1468 4203 iuramento

191 4241 397 4332 interposito
421 4241 624 4312 confirmata
650 4258 765 4314 essent
790 4244 906 4314 animo
927 4258 963 4314 et
980 4266 1040 4335 spe
1068 4241 1274 4334 impetrandi
1294 4239 1353 4310 aS
1380 4238 1468 4310 Sede

189 4348 509 4440 (lispensationem3
535 4351 670 4421 censuit
696 4363 811 4422 tamen
833 4349 928 4422 SC.
951 4349 1123 4444 sponsalia
1141 4371 1210 4418 non
1228 4347 1403 4419 sustineri.
1424 4347 1471 4416 Et

191 4455 226 4522 in
245 4456 405 4527 eumdem
424 4478 564 4526 sonsum
581 4457 703 4530 cedere
728 4458 932 4530 dicebantur
957 4457 1186 4528 resolutiones
1204 4454 1358 4526 eiusdem
1373 4452 1408 4524 S.
1427 4457 1468 4523 ij.
