3248 5004
691 463 894 512 orassemus.
1387 441 1428 508 st

154 568 195 640 iu
213 569 406 666 Sypontina
432 566 543 642 Rosci.
559 591 670 664 mous.
699 573 720 638 2
745 566 829 638 Maii
856 571 956 639 ¹857.
981 565 1223 642 beneventana
1243 563 1360 661 Spnns.
1389 568 1433 634 27

154 676 338 748 novemur.
362 681 462 748 ¹858.
482 697 633 748 necnon
652 675 685 745 in
704 676 739 746 S.
762 674 870 746 hotaa
886 673 1078 746 decis-603
1098 687 1190 770 port.
1212 676 1231 743 5
1250 686 1373 743 recent.
1397 683 1435 743 et

159 781 255 852 iliius
275 781 529 854 confirmatoria
554 779 657 852 decis.
682 784 745 849 ¹07
769 793 858 873 part.
880 781 899 847 8
926 793 1050 851 recent.

229 887 276 958 Et
301 887 441 981 propius
464 908 584 958 casum
612 899 853 979 praesentem,
880 883 1155 978 subiungebatur
1184 885 1219 955 in
1250 884 1356 957 citata
1381 881 1436 953 Io·

159 1017 263 1064 retecta.
287 1015 489 1088 responsum
519 991 627 1064 fuisse
654 1014 718 1085 pro
748 991 961 1084 sponsalium
986 991 1163 1065 nullitate.
1194 991 1330 1063 etiamsi
1359 1012 1436 1059 mu·

159 1099 223 1170 iier
245 1099 451 1181 obiecisset,
468 1098 559 1192 quod
577 1139 600 1152 -
618 1098 682 1180 rir,
702 1120 768 1171 non
787 1098 926 1190 ignarus
943 1097 1072 1189 gratiae
1088 1095 1355 1191 dispensationis
1367 1095 1437 1166 ob-

156 1205 315 1296 signatae
331 1205 387 1279 die
403 1205 445 1274 te
460 1201 549 1281 iulii,
559 1202 777 1275 confirmavit
790 1203 963 1296 sponsalia
975 1203 1031 1274 die
1044 1207 1089 1272 20
1102 1203 1256 1274 eiusdem
1273 1200 1436 1273 mensis-

156 1309 251 1380 Satis
274 1311 367 1384 enim
392 1310 458 1380 suit
482 1309 578 1392 viro,
603 1309 698 1402 gravi
721 1309 801 1381 huic
828 1309 1025 1402 exceptioni
1057 1309 1290 1403 respondere,
1317 1305 1435 1378 literas

154 1417 366 1506 apostolicas
390 1415 602 1509 praeseferre
623 1415 807 1486 dumtaxat
832 1414 1032 1485 mandatum
1056 1414 1100 1485 ad
1125 1412 1367 1504 indulgendam
1384 1412 1434 1483 di·

157 1524 440 1612 spensetionem,
474 1521 688 1615 proindeque
719 1520 1007 1613 impedimentum
1044 1543 1290 1614 perseverare,
1325 1541 1434 1612 usque

158 1629 242 1698 dum
267 1643 462 1723 exequutor
485 1628 667 1699 literarum
692 1625 959 1721 apostolicarum
984 1625 1071 1698 iilud
1094 1649 1163 1698 non
1189 1625 1381 1699 sustulerit.

235 1969 251 2010 ι
275 1945 328 2014 ha
341 1944 514 2018 sententia
526 1943 652 2016 Curiae
664 1943 712 2014 sit
722 1941 955 2014 confirmanda
972 1942 1025 2014 vel
1043 1941 1246 2014 infirmanda
1263 1941 1297 2012 in
1315 1964 1434 2013 cusu.»

233 2047 511 2121 assotana-s.
529 2047 656 2141 Congr.
676 2048 715 2119 C.
736 2069 837 2120 causa
858 2047 1078 2119 discussadie
1093 2051 1137 2116 22
1150 2046 1327 2118 Februarii
1349 2049 1436 2116 1862

161 2154 382 2226 confirmavit
404 2155 613 2228 sententiam
635 2152 761 2226 Curiae
786 2153 1023 2246 respondendo

235 2260 444 2354 Affinuctiue
462 2259 506 2332 od
523 2260 675 2356 primam
695 2275 855 2357 partem,
879 2260 1031 2354 nepetino
1055 2259 1101 2331 ad
1122 2259 1316 2332 secuudum.

236 2471 289 2543 Ex
313 2493 350 2542 us
375 2493 647 2546 oaursusssors:

236 2579 258 2650 l.
289 2577 468 2671 Sponsnlia
492 2591 669 2652 contracta
694 2579 787 2650 inter
809 2577 944 2672 eosqui
965 2578 1072 2672 gradu
1094 2578 1271 2672 prohibito
1297 2600 1441 2651 consan-

160 2685 342 2776 guinitatis
353 2685 589 2767 continentur,
608 2684 745 2755 etiamsi
761 2684 827 2755 sub
844 2684 1040 2756 conditione
1056 2684 1293 2756 contraxerint
1308 2682 1441 2754 siPon·

164 2788 252 2881 tifex
268 2790 523 2883 dispensaverit,
539 2812 607 2863 non
623 2790 786 2863 sustineri
805 2789 868 2884 (1).

239 2894 279 2964 ΙΙ.
298 2895 342 2966 Et
354 2917 393 2966 ea
410 2917 480 2966 nou
496 2897 657 2968 sustineri
674 2896 810 2968 etiamsi
829 2909 902 2967 rata
914 2917 934 2967 a
947 2895 1232 2968 contrahentibus
1248 2895 1442 2969 habeantur

164 3013 245 3092 post
270 3001 494 3074 annuentium
516 3001 560 3074 R.
579 3003 773 3086 Pontibus,
795 3025 865 3096 qua
889 3002 1087 3096 dispensare
1114 3003 1339 3097 promiserit:
1370 3004 1441 3075 imo

165 3106 274 3176 etiam
299 3122 378 3200 post
401 3107 520 3180 literas
542 3109 749 3204 apostolicas
773 3110 939 3203 signatas,
957 3109 1084 3202 quibus
1102 3109 1260 3204 delegato
1284 3112 1443 3184 commit·

166 3212 256 3282 titur
279 3214 502 3308 dispensatio.

239 3319 290 3388 ΙΙΙ.
324 3319 436 3408 Quare
461 3332 501 3390 ut
525 3323 639 3393 valida
664 3321 900 3405 sacristam,
927 3345 1068 3396 necesse
1092 3335 1147 3396 est
1166 3337 1206 3394 ut
1238 3323 1444 3397 confirmen-

165 3439 224 3496 tur
247 3449 266 3494 a
291 3427 576 3500 contrahentibus
600 3441 680 3521 post
704 3429 885 3502 obtentam
910 3428 1104 3500 effectivam
1129 3429 1442 3524 dispensationem,

166 3553 235 3622 qua
251 3543 330 3603 actu
348 3534 525 3607 sublatum
542 3535 589 3606 sit
606 3536 811 3607 canonicum
833 3533 1134 3628 impedimentum.

236 3761 274 3826 (t)
290 3756 356 3814 Vide
374 3758 498 3833 Append.
518 3760 564 3818 iv.

235 4615 320 4670 Aeto.
339 4615 406 4670 tom.
425 4617 450 4680 1,
462 4609 538 4680 sose.
557 4616 600 4672 11.
