3248 5004
197 397 236 462 ll
567 416 605 462 nr
624 417 726 464 cassae
745 417 1100 464 cressementum.

313 516 365 588 EX
382 541 491 597 ovinus
507 543 636 590 anninus
653 543 803 589 llllEVl'lEli
821 543 977 590 cntttces:

262 623 289 692 1.
315 621 425 692 Extra
439 645 539 694 verae
552 625 768 695 necessitatis
781 647 893 705 casus,
909 625 1046 695 Missam
1060 623 1183 695 iterare
1198 645 1264 696 non
1278 623 1382 695 licere
1398 627 1461 714 (l).

262 727 304 796 ll.
331 727 441 798 liuius
466 729 682 800 necessitatis
707 730 927 802 existentiam
960 729 1209 822 agnoscendam
1227 751 1303 800 csse
1319 730 1363 800 ab
1382 730 1463 822 Epi·

191 854 296 924 scopo
320 833 464 923 singulis
481 834 515 902 in
533 835 686 916 casibus,
706 858 787 926 prae
809 834 918 906 oculis
942 835 1062 906 habito
1080 835 1217 905 criterio
1233 855 1294 904 seu
1318 857 1462 916 norma,

190 959 293 1030 quarn
320 940 426 1009 tradit
450 937 658 1010 Benedictus
683 941 770 1011 xlv.
798 943 831 1010 in
857 941 1006 1012 Constit.
1034 939 1241 1020 Declnrnsti,
1265 953 1301 1012 et
1327 942 1360 1010 in
1387 941 1464 1012 eius

191 1067 295 1136 opere
319 1044 361 1114 de
386 1044 561 1116 Sacrificio
586 1046 710 1117 Missae
735 1045 793 1116 lib.
812 1049 846 1118 3.
865 1071 913 1116 cc.
935 1053 953 1116 b
972 1062 1004 1116 et
1023 1051 1056 1116 li.
1077 1046 1139 1139 (l).

262 1149 318 1218 lll.
345 1149 420 1236 Qua
451 1151 657 1222 necessitate
689 1153 827 1243 cognita
858 1153 1069 1244 Episcopum
1101 1151 1303 1244 permittere
1335 1150 1463 1222 debere

191 1256 279 1326 hanc
297 1256 419 1328 Missae
437 1258 673 1338 iterationem,
693 1280 760 1328 non
778 1259 918 1350 quidem
936 1257 1144 1349 generaliter
1160 1270 1196 1328 ct
1212 1257 1253 1328 ad
1271 1257 1380 1326 instar
1396 1258 1463 1349 pri·

190 1360 325 1452 vilegii,
353 1362 412 1431 sed
437 1364 626 1432 secundum
659 1365 833 1454 cognitam
867 1366 1131 1444 necessitatem,
1158 1363 1324 1456 appositis
1353 1363 1460 1433 etiam

191 1468 448 1538 conditionibus
472 1471 677 1560 opportunis
716 1493 736 1540 a
760 1470 1003 1541 Sacerdotibus
1027 1471 1168 1541 omnino
1193 1469 1379 1540 servandis.

262 1573 317 1644 tv.
345 1573 463 1665 Neque
488 1573 624 1667 allegari
651 1599 750 1668 posse
775 1577 1082 1656 consuetudinem,
1099 1577 1258 1666 quamvis
1282 1575 1460 1646 immemo-

190 1679 333 1760 rialem,
355 1679 463 1750 relati
489 1681 631 1750 titulum
651 1683 692 1752 ad
712 1681 849 1753 Missam
875 1682 1028 1773 legitime
1054 1680 1259 1764 iterandam,
1276 1703 1364 1772 quae
1381 1702 1462 1751 cna-

189 1785 338 1854 suetudn
363 1808 406 1856 ex
431 1808 468 1856 se
494 1785 565 1857 sola
589 1787 731 1858 dicenda
756 1801 809 1860 est
835 1787 950 1879 potius
973 1785 1181 1878 corruptela.

262 1889 302 1960 V.
329 1889 479 1982 Colliges
504 1893 663 1985 insuper,
682 1916 858 1985 nunquam
877 1893 982 1984 recipi
999 1914 1100 1984 posse
1125 1891 1379 1981 eleemosynam
1400 1913 1464 1983 pro

192 1996 342 2065 secunda
369 1995 469 2065 Missa
494 1997 718 2081 celebranda,
736 2000 946 2092 quicumque
963 1998 1008 2066 sit
1025 1998 1084 2089 qai
1109 2019 1184 2068 carn
1210 1995 1382 2079 celebret,
1408 2019 1464 2066 ne·

191 2123 259 2191 que
283 2100 326 2170 ad
351 2102 437 2170 banc
462 2102 715 2196 eleemosynam
744 2104 999 2197 recipiendam,
1024 2101 1163 2194 allegari
1191 2123 1291 2194 posse
1320 2103 1464 2172 titulum

191 2207 375 2297 egestatis,
397 2229 458 2277 seu
482 2208 639 2280 delectus
663 2210 837 2281 redituum
861 2210 923 2302 (3).

265 2312 319 2382 vl.
348 2312 420 2383 lmo
444 2313 636 2384 Parncbum
662 2317 773 2386 teneri
798 2315 984 2385 secundam
1010 2337 1073 2408 pro
1101 2311 1252 2406 Populo,
1277 2313 1366 2383 sicut
1394 2315 1464 2406 pri·

192 2440 302 2500 mam,
321 2420 445 2510 gratia,
464 2420 585 2490 diebus
602 2421 699 2491 lestis
720 2422 910 2514 applicare,
929 2423 963 2490 in
981 2421 1152 2512 parochiis
1174 2420 1297 2499 unitis,
1316 2433 1465 2512 excepto

192 2546 273 2592 casu
299 2525 333 2592 in
358 2547 427 2615 quo
452 2525 697 2596 Parocbiarum
729 2528 811 2597 unio
839 2525 916 2596 talis
939 2527 1010 2607 sit,
1036 2548 1080 2597 ex
1104 2547 1171 2618 qua
1197 2527 1297 2596 unica
1323 2547 1466 2618 prorsus

194 2629 351 2719 parocbia
376 2643 534 2722 exurgat.

251 2769 394 2836 (ttssxcipe
405 2767 502 2823 festum
511 2770 800 2840 Natiuitatisdiem,rel
853 2771 1022 2825 oeconomice
1040 2767 1201 2836 dirigantur,
1215 2776 1305 2822 tamea
1322 2784 1464 2823 commane

192 2851 237 2906 ubi
257 2852 425 2919 privilegium
443 2868 599 2908 eoncessum
619 2863 674 2922 est,
692 2859 800 2911 Missam
853 2859 895 2908 ins
908 2855 1054 2908 declarant.
1072 2855 1104 2906 Et
1120 2867 1210 2922 reapse
1219 2855 1245 2906 S.
1259 2855 1288 2906 C.
1300 2853 1464 2920 concilii,iu

195 2935 324 3000 iterandi,
340 2936 383 2990 die
399 2952 542 2992 enormem.
562 2941 683 2993 omnium
705 2940 801 2995 delun·
852 2938 1010 2992 dirimendis
1020 2938 1111 2992 dubiis
1135 2939 1325 2991 circumissent
1344 2937 1462 3006 prnl’o·

191 3029 305 3074 ntorum.
850 3023 916 3092 palo
954 3031 1025 3078 extra
1050 3023 1154 3075 ltaliam
1176 3021 1288 3085 exortis,
1313 3021 1462 3075 secondum

255 3106 292 3176 (2)
311 3105 370 3159 vid.
385 3106 499 3176 append.
514 3108 534 3161 1.
853 3107 921 3160 banc
939 3107 1176 3170 constitutionem,
1188 3112 1341 3158 constanter
1359 3104 1462 3158 iudiea-

255 3189 291 3261 (3)
312 3193 406 3244 Errant
426 3195 516 3261 itaque
534 3199 655 3246 auctores
668 3193 707 3246 illi
719 3199 799 3250 etiam
851 3192 901 3244 vit:
922 3207 971 3245 nee
991 3206 1043 3245 non
1063 3191 1091 3244 S.
1104 3191 1134 3243 C.
1148 3188 1182 3243 de
1194 3187 1366 3258 Propaaanda
1386 3187 1462 3252 Fide·

188 3275 597 3344 melioresquidncentextra
608 3277 713 3332 ltaliam
724 3293 800 3347 posse
851 3278 879 3330 in
898 3281 983 3330 varias
998 3276 1071 3330 orbis
1085 3282 1182 3343 partes,
1195 3288 1242 3342 pro
1253 3273 1464 3341 opportunitate,

190 3359 273 3426 recipi
295 3359 491 3431 eleemosynam
516 3376 562 3430 pro
578 3359 694 3415 secunda
708 3363 799 3428 Missa,
850 3360 932 3414 veluti
942 3359 1028 3430 legem
1040 3357 1197 3413 servandam
1212 3358 1282 3411 lianc
1294 3356 1463 3410 constitutio·

188 3441 297 3508 quando
309 3443 410 3498 reditus
421 3451 515 3498 moues
528 3453 593 3500 sunt
602 3447 648 3515 qui
661 3448 800 3514 assignan-
851 3460 912 3499 nem
925 3443 1085 3498 transmisit.
1097 3445 1237 3496 Caeterum
1249 3440 1364 3511 quilibet
1375 3440 1401 3494 in
1413 3440 1464 3495 lanc

189 3535 232 3579 tur
243 3540 290 3594 pro
301 3525 472 3594 implemento
484 3531 582 3598 proprii
591 3528 766 3594 nlllcii3relcx
775 3533 798 3584 vi
852 3545 879 3584 rc
894 3535 1043 3599 praetextus
1055 3527 1179 3581 sublatas
1188 3534 1228 3579 est
1241 3526 1406 3595 perCnaslit
1419 3541 1460 3578 re·

187 3610 402 3666 errasuetudiois.
415 3613 511 3666 Errant
522 3614 619 3682 pariter
630 3629 690 3668 cum
703 3613 800 3669 docent
851 3612 959 3679 guantis
969 3612 1108 3666 Pontillais
1119 3625 1198 3679 quent
1210 3611 1283 3664 Deus
1297 3608 1459 3664 ineolumem

186 3703 257 3748 ertrn
273 3693 389 3761 ltaliam,
401 3697 533 3750 Paroelrns
544 3712 596 3750 non
607 3699 691 3751 teneri
704 3699 799 3751 missas
850 3698 897 3752 diu
907 3704 1008 3760 servet,
1021 3711 1089 3766 quae
1103 3696 1198 3764 incipit
1207 3696 1402 3750 Amantlrslnrl
1412 3697 1462 3746 lte·

187 3779 322 3846 epplicare
334 3793 380 3846 pro
394 3779 504 3848 Populo,
517 3780 667 3848 rigentibus
681 3780 735 3835 illis
755 3797 797 3836 ra·
850 3782 1013 3850 dempturn.

186 3860 316 3926 mnibus,
333 3877 364 3916 ae
380 3875 441 3916 eum
458 3863 631 3917 dissimulant
642 3867 732 3918 const.
749 3865 796 3920 lte·
911 3867 996 3920 aliter
1007 3861 1234 3919 estiudicaadum
1258 3863 1328 3916 eirea
1341 3858 1459 3929 applica·

186 3945 285 3999 cedicti
301 3947 359 3998 xtv
375 3951 445 4002 Cum
456 3963 565 4017 semper
574 3949 693 4014 oblatas,
706 3958 797 4019 utpote
849 3951 948 4004 tionem
960 3950 1057 4003 Missae
1070 3963 1126 4018 pro
1136 3946 1239 4017 Populo
1252 3961 1314 4000 curn
1327 3945 1416 4012 agitur
1428 3943 1465 3998 de

185 4029 218 4084 td
243 4031 334 4084 ltaliae
354 4033 497 4100 Episcopos
517 4033 662 4098 directam;
683 4049 736 4089 unu
757 4035 797 4088 di·
849 4036 914 4090 locis
936 4035 1095 4090 llissioaum
1119 4035 1146 4087 in
1171 4033 1268 4104 quibus
1288 4032 1462 4101 paroeciae,

183 4116 354 4176 relinquentes
370 4117 582 4172 Constitutioaes
602 4134 670 4187 quae
690 4119 723 4174 ad
745 4120 795 4173 ali·
848 4124 979 4174 canonice
995 4123 1104 4173 erectae
1122 4134 1177 4172 nnn
1193 4121 1268 4171 snat.
1290 4118 1394 4183 itaqua
1421 4129 1449 4166 re

185 4213 266 4264 cyrtam
284 4198 489 4255 determinatam
508 4204 670 4270 provinciam
684 4203 742 4259 iden
754 4203 795 4258 di·
847 4218 1010 4274 exponemus
1023 4217 1072 4258 sun
1088 4201 1146 4257 laen
1164 4201 1338 4255 doctrinoma
1353 4201 1381 4252 S.
1392 4199 1463 4250 Con·

185 4284 323 4350 rigantur,
334 4292 363 4337 nt
376 4285 403 4338 ia
416 4301 444 4338 ea
461 4288 594 4353 peculiare
606 4289 648 4342 ius
660 4291 796 4356 statuant,
848 4289 1002 4358 gregatinoe
1015 4286 1048 4342 de
1060 4284 1230 4356 Propaganda
1248 4282 1314 4339 Fide
1336 4289 1463 4337 accurate

185 4368 220 4419 ab
230 4366 479 4439 risanaeqnamns
491 4370 524 4423 ad
539 4387 620 4425 unam
632 4373 796 4442 provinciam
848 4373 999 4428 delinitam.

692 4482 951 4517 ...n-1000...-
