3282 5008
223 405 293 473 130
668 422 852 472 unanimus
870 421 1063 469 seraranan.

222 529 391 600 delectus.
418 527 621 601 Praenussis
646 527 761 619 itaque
778 549 796 596 a
813 524 967 619 praelato
991 524 1145 597 Parocho
1165 522 1342 617 requisitis
1366 521 1502 595 denun-

223 636 455 719 ciationibus‚
481 648 614 706 statuta
638 635 714 720 die,
733 655 848 705 coram
874 632 1035 715 testibus,
1053 632 1184 724 nuptiis
1207 631 1276 702 illis
1298 630 1503 715 benedixit3

223 754 259 811 et
284 743 446 835 deinceps
470 743 650 834 coniuges,
677 762 781 811 uuam
798 739 856 809 vix
875 739 993 811 horam
1011 737 1058 808 ibi
1075 750 1274 819 manentes,
1301 737 1498 830 parochiam

224 846 319 918 illam
345 847 597 930 desemerunt,
629 869 734 940 quam
766 845 879 918 forsan
907 866 1083 938 nunquam
1116 844 1294 926 viderant,
1320 841 1375 914 vel
1399 855 1500 914 erant

224 954 382 1024 revisuri.

294 1058 467 1132 Celebrati
489 1059 652 1132 connubii
676 1058 817 1140 notitia,
837 1059 956 1129 statim
981 1079 1021 1128 ac
1045 1057 1089 1129 ad
1112 1056 1243 1129 curiam
1267 1052 1497 1148 episcopalem

223 1165 384 1248 devenit,
411 1167 599 1236 summaria
623 1166 847 1253 inquisitione
872 1165 1081 1258 praemissa,
1101 1164 1289 1257 Episcopus
1306 1160 1498 1232 Parachum

223 1271 340 1342 dehita
365 1294 476 1365 poena
504 1271 700 1354 mulctavit,
720 1282 755 1342 et
772 1269 966 1364 praelatum
991 1269 1250 1342 matrimonium
1276 1267 1413 1338 irritum
1440 1266 1499 1338 de·

223 1377 378 1449 claravit.
407 1378 505 1464 Quod
529 1377 701 1447 nullitatis
726 1376 911 1448 Decretum
936 1375 1095 1468 quamvis
1120 1377 1155 1445 in
1179 1395 1383 1468 sponsorum
1408 1375 1500 1444 noti·

226 1485 309 1555 tiam
336 1484 515 1556 devenisse
540 1483 716 1568 videatur3
733 1494 849 1553 tamen
871 1483 1073 1553 authentice
1097 1482 1227 1554 eisdem
1253 1480 1498 1553 denunciatum

225 1593 394 1674 nonfuit,
413 1593 478 1663 nisi
504 1615 567 1666 sax
591 1604 670 1686 post
695 1614 816 1674 annos,
835 1604 967 1663 attenta
992 1592 1194 1664 eorumdem
1219 1591 1383 1664 domicilii
1402 1593 1502 1684 igno·

225 1701 349 1769 rantia.
377 1698 530 1770 Tandem
556 1698 703 1781 mulier,
729 1719 876 1770 noscens
900 1698 965 1768 hoc
989 1696 1128 1770 decreto
1153 1720 1255 1790 posse
1273 1721 1310 1770 se
1327 1720 1423 1769 suam
1445 1698 1504 1768 de-

225 1805 365 1877 fendere
390 1805 588 1878 libertatem
605 1817 641 1877 et
657 1804 757 1876 alteri
776 1806 850 1877 viro
868 1805 1018 1886 nubere,
1045 1804 1240 1876 maritalem
1258 1804 1342 1876 Titii
1359 1805 1500 1876 domum

225 1910 379 2002 reliquit.
399 1912 446 1980 At
469 1925 604 1992 contra,
620 1909 747 1992 Titius,
765 1911 946 1982 mulierem
972 1911 1023 1980 uti
1049 1910 1238 2002 legitimam
1264 1932 1407 1981 uxorem
1433 1910 1500 1982 sibi

225 2016 417 2099 vindicans,
444 2016 541 2089 litem
567 2017 694 2088 acriter
718 2017 827 2088 movit
844 2019 878 2087 in
897 2017 1084 2111 episcopali
1109 2016 1213 2088 curia.

297 2123 440 2216 lncepto
472 2124 588 2217 itaque
620 2123 768 2217 regulari
800 2147 987 2218 processu,
1013 2124 1074 2195 sed
1098 2147 1160 2218 per
1184 2123 1279 2194 nolas
1309 2124 1501 2216 intercepta

227 2228 344 2300 iudicii
370 2229 437 2301 tela
455 2254 473 2300 a
491 2230 578 2300 laica
602 2242 796 2323 potestate,
823 2254 926 2301 causa
951 2233 985 2300 in
1011 2231 1104 2301 civili
1130 2231 1204 2302 loro
1228 2230 1393 2300 ventilata
1415 2229 1498 2312 luit,

228 2350 264 2406 et
289 2336 404 2407 Titius
427 2337 608 2407 victoriam
639 2351 875 2430 consequutus
899 2350 964 2408 est.
991 2337 1057 2408 Sed
1083 2336 1226 2407 muliere
1249 2336 1341 2406 haud
1365 2336 1501 2428 acquie-

227 2454 347 2514 scente
372 2444 564 2513 sententiae
589 2442 632 2513 ab
658 2443 904 2536 incompetenti
931 2442 1096 2513 tribunall
1121 2455 1240 2514 contra
1265 2440 1434 2524 solatae,
1464 2455 1500 2512 et

227 2570 368 2619 oausam
389 2547 565 2619 deserente
587 2549 630 2619 ad
652 2548 886 2640 Apostolicam
903 2547 1047 2631 Sedem,
1065 2541 1193 2620 SSr‘rius
1210 2571 1287 2621 eam
1303 2571 1346 2620 ex
1364 2549 1501 2640 integro

228 2653 445 2725 iudicandam
477 2654 613 2724 remisit
644 2654 679 2725 S.
705 2653 970 2745 Congrcgationi
994 2652 1141 2724 Concilii
1165 2677 1246 2726 cum
1270 2653 1431 2726 omnihus
1455 2653 1503 2724 la-

228 2758 419 2844 cultatibus
439 2760 643 2852 opportunis
667 2773 703 2832 et
728 2760 947 2841 necessariis,
967 2773 1003 2832 et
1019 2761 1215 2833 huiusmodi
1234 2762 1420 2834 Decretum
1441 2783 1505 2831 no·

230 2867 355 2936 tilioari
380 2866 557 2935 mandavit
574 2864 768 2950 Ordinario,
787 2889 868 2938 eum
894 2868 927 2935 in
954 2868 1073 2951 linem,
1091 2879 1132 2936 ut
1149 2868 1268 2938 Virum
1286 2879 1444 2940 moneret
1459 2866 1502 2936 ad

229 2971 468 3044 deducendum
492 2971 567 3042 iura
591 2994 651 3042 sua
676 2995 792 3044 coram
816 2971 852 3043 S.
871 2971 910 3042 C.
931 2971 970 3043 C.

299 3079 436 3150 Sanctis
467 3079 583 3170 itaque
614 3081 796 3170 processus
820 3079 1152 3171 irregularitatibus,
1178 3079 1325 3151 dubium
1347 3083 1384 3154 in
1410 3081 1505 3154 calce

230 3185 399 3276 scriptum
424 3185 641 3278 propositum
667 3183 734 3255 luit
758 3207 821 3277 per
843 3185 1054 3278 litigantium
1079 3197 1341 3280 procuratores,
1368 3201 1403 3260 et
1432 3189 1508 3262 vin·

232 3290 301 3360 culi
326 3291 591 3362 matrimonialis
610 3291 838 3363 defensorem.

634 3472 876 3538 ”tutelstatto
896 3477 1111 3539 synoptteo.

300 3612 538 3685 Praelibamus
563 3617 781 3688 solummodo
804 3618 1006 3710 praecipua,
1032 3641 1120 3710 quae
1145 3618 1180 3688 in
1206 3617 1364 3710 repetitis
1388 3616 1506 3690 deren-

232 3721 388 3792 sionibus
431 3718 709 3795 Patrocinatoros
732 3724 870 3815 copiose
895 3725 1129 3816 disputarunt.

303 3830 500 3898 Auruncum
519 3851 637 3900 scurra
657 3855 715 3900 nno
735 3853 920 3900 racionem
940 3831 1312 3904 urrunnun-Cardo
1333 3833 1504 3924 quaestio-

232 3936 286 4003 nis
303 3935 337 4003 in
355 3958 396 4005 eo
414 3946 500 4015 erat,
512 3957 554 4004 an
570 3937 761 4007 necessaria
779 3937 812 4007 in
829 3960 909 4006 casu
929 3950 1021 4010 esset
1036 3937 1207 4030 delegatio
1222 3939 1348 4035 proprii
1361 3938 1504 4010 Paroohi

231 4063 320 4132 qnae
344 4041 486 4112 obtenta
511 4063 580 4112 non
605 4041 729 4113 luerat.
749 4041 862 4130 Quare
891 4043 1007 4117 lavore
1033 4045 1135 4128 Titii,
1155 4047 1213 4137 qui
1240 4047 1366 4117 acriter
1390 4044 1509 4115 Matri-

232 4149 338 4216 monii
366 4147 580 4219 validitatem
613 4149 871 4241 propugnabat,
898 4150 1108 4222 innuebatur
1132 4153 1258 4234 initio,
1284 4153 1319 4221 in
1344 4173 1383 4222 ca
1409 4151 1511 4244 oppi-

229 4255 318 4323 dana
340 4254 500 4327 Par-occia
525 4277 593 4324 non
617 4254 723 4328 luisse
749 4257 1005 4349 promulgatum
1030 4258 1272 4330 Tridentinum
1297 4257 1510 4339 Concilium,

230 4382 300 4452 qno
325 4361 359 4428 in
385 4384 467 4432 casu
492 4360 648 4434 cessabat
673 4365 862 4434 necessitas
876 4364 1102 4458 delegationis
1117 4365 1413 4458 propriiParochi.
1428 4365 1513 4436 San-

230 4467 315 4538 olrez
331 4465 380 4536 De
401 4469 551 4539 matum.
567 4465 591 4538 l.
606 4471 626 4542 3
641 4468 726 4566 disp.
748 4475 789 4541 ts
807 4495 843 4541 n.
860 4475 904 4542 28
922 4485 958 4542 et
975 4472 1045 4542 alii.
1064 4471 1270 4546 Praesertim
1291 4493 1370 4544 cum
1393 4470 1512 4543 obser-
