3282 5008
198 439 265 501 1⁰6
517 453 726 502 sururreusrs
748 455 788 502 aa
813 453 1125 502 aenrnreumnoars.

194 557 472 629 contrahentium
490 569 646 652 tempore
671 558 748 630 initi
771 572 970 630 contractus
994 559 1116 632 cadere
1140 583 1353 655 nequaqnam
1378 565 1463 639 illud

194 665 371 754 potuisse,
402 679 442 733 ut
473 687 513 735 ea
545 687 649 736 onera
672 689 692 736 a
717 664 902 756 Municipio
933 665 1047 737 invehi
1078 689 1179 759 posse
1209 670 1460 760 praeviderent.

194 768 303 842 Cuius
327 774 361 842 in
387 774 437 843 rei
462 771 757 844 confirmationem
782 775 987 845 decisionem
1012 773 1182 866 quandam
1209 772 1403 846 'afferebant
1426 779 1460 847 in

193 877 348 948 Romana
372 877 614 950 pecuniariae
631 877 715 948 Mati
735 881 826 950 tuot
849 903 962 951 coram
990 877 1161 951 Gianoellt'
1183 880 1308 962 latam,
1335 883 1369 950 in
1394 906 1460 975 qua

194 982 374 1074 vectigalia
391 1007 410 1054 a
428 984 583 1055 Romano
608 984 793 1078 Municipio
817 986 969 1056 iniuncta
993 986 1087 1056 casui
1112 986 1253 1056 fortuito
1273 988 1459 1059 assimilata

191 1087 350 1172 lucrant,
377 1090 530 1181 adeoque
547 1090 589 1161 ab
606 1113 647 1161 eo
663 1113 730 1162 non
756 1114 831 1162 esse
855 1091 1077 1183 perferenda,
1104 1093 1162 1183 qui
1187 1092 1347 1162 oneribus
1370 1093 1460 1164 ordi-

191 1195 321 1275 nariis,
347 1208 384 1267 et
407 1195 566 1288 praerisu
591 1194 748 1267 facilibus
772 1219 847 1267 sese
870 1197 1050 1266 dumtaxat
1074 1195 1317 1268 obstrinxerat.

263 1299 299 1369 ln
325 1301 390 1372 hoc
414 1323 548 1371 summa
573 1302 639 1370 sita
667 1315 740 1372 erat
771 1301 980 1373 detensionis
1005 1301 1335 1394 Emphyteutarum:
1371 1325 1459 1395 quae

189 1406 283 1475 enim
300 1404 366 1475 alia
383 1405 660 1487 deducebantur,
686 1406 831 1476 minoris
855 1407 1021 1476 momenti
1046 1418 1166 1488 erant,
1193 1404 1344 1499 adeoque
1360 1410 1457 1498 parvi

189 1510 357 1580 iacienda.

260 1615 322 1685 llis
347 1617 462 1709 itaque
479 1617 600 1708 positis
623 1617 679 1688 die
697 1621 717 1686 6
736 1617 814 1687 Maii
836 1621 923 1686 teet
942 1617 975 1686 in
997 1616 1108 1708 plenis
1132 1617 1283 1687 comitiis
1306 1617 1457 1688 eiusdem

186 1718 224 1790 S.
246 1719 286 1792 C.
306 1721 370 1814 Ep.
390 1737 423 1794 et
443 1723 528 1814 Reg.
549 1721 725 1814 proposita
750 1721 889 1794 luerunt
914 1723 1092 1814 sequentia

259 2037 284 2106 l.
314 2067 331 2102 a
346 2039 399 2109 An
421 2053 455 2110 et
480 2039 649 2132 quomodo
673 2041 885 2110 sustineatur
901 2038 1137 2130 emphyteusis
1161 2035 1195 2105 in
1220 2058 1339 2104 casu.»

257 2143 298 2213 ll.
328 2145 413 2214 «an
438 2157 574 2217 constet
597 2146 640 2216 de
665 2145 851 2217 reiudicata
869 2145 973 2215 etiam
990 2144 1103 2235 quoad
1123 2142 1373 2213 detractionem
1398 2165 1455 2234 pe·

188 2276 206 2313 a
228 2251 329 2320 titam
353 2251 387 2319 in
414 2273 531 2320 casu.»

259 2355 336 2424 Emi
360 2355 480 2427 Patres
505 2359 756 2448 rescripserunt

257 2461 309 2529 hd
333 2463 485 2553 primum
509 2462 728 2555 Affirmotiue.

255 2565 306 2633 hd
338 2567 526 2638 secundum
542 2566 776 2637 -Resormato
799 2564 928 2647 dubio,
958 2567 1036 2633 «Aa
1063 2563 1159 2633 locus
1183 2563 1228 2632 sit
1251 2561 1455 2632 detractioni

183 2672 314 2764 petitae
339 2671 372 2738 in
399 2695 517 2741 casu.»
534 2672 742 2766 -Nepotire

255 2775 398 2844 Erusonn
424 2799 539 2844 causae
566 2798 775 2846 construtam
801 2798 890 2844 crece
915 2798 1077 2844 secuaouu
1109 2798 1236 2842 aaaron.

253 2880 433 2950 'Resolutio
457 2883 557 2974 primi
584 2883 677 2952 dubii
704 2883 747 2953 ab
772 2894 917 2973 utraque
942 2895 1039 2974 parte
1068 2894 1209 2975 accepto
1238 2879 1354 2950 habita
1378 2891 1452 2960 est,

184 2984 345 3056 videlicet
378 2987 421 3054 ab
454 2986 719 3078 llmphyteutis,
755 2987 880 3078 quibus
914 2988 1032 3058 eadem
1064 2986 1220 3066 larebat,
1247 3000 1283 3057 et
1307 2987 1349 3057 ab
1374 2985 1454 3076 Epi·

181 3111 300 3180 soopo,
320 3091 375 3160 cui
393 3090 638 3183 refragabatur.
658 3095 703 3161 ‚tt
728 3115 808 3162 vero
832 3091 997 3162 resolutio
1022 3091 1161 3164 secundi
1186 3090 1279 3159 dubii
1306 3113 1372 3160 non
1397 3113 1454 3158 na·

183 3217 261 3265 rum
285 3195 393 3266 dolori
418 3196 484 3266 suit
509 3197 773 3290 Ernphyteutis,
792 3199 849 3289 qui
876 3196 1094 3268 reiiudicatae
1119 3197 1238 3288 clypeo
1263 3196 1453 3265 tutissimos

180 3323 259 3372 sese
275 3301 544 3373 arbitrabantur.
573 3305 691 3396 ltaque
716 3303 810 3373 nulla
835 3303 1036 3394 interposita
1060 3325 1153 3371 mora
1171 3303 1204 3371 S.
1225 3299 1264 3370 C.
1282 3300 1453 3392 supplices

182 3423 387 3489 oraverunt,
413 3422 453 3478 ut
478 3412 709 3482 controversia
734 3411 768 3479 in
794 3410 1080 3480 consultationem
1107 3409 1234 3478 iterato
1258 3419 1453 3476 vocaretur.

181 3511 257 3597 Qua
283 3514 550 3604 reimpetrata,
585 3517 738 3586 monitus
770 3527 823 3585 est
856 3515 1067 3607 EpiscopuS,
1095 3525 1133 3579 ut
1166 3535 1272 3592 nora,
1300 3511 1453 3581 simodo

183 3617 247 3685 sihi
288 3617 459 3708 placeret,
487 3620 561 3689 iura
594 3621 803 3700 deduceret,
838 3621 897 3710 qui
930 3617 1014 3687 nihil
1039 3640 1075 3688 se
1100 3617 1226 3688 habere
1257 3615 1452 3706 respondit,

178 3722 272 3815 quod
298 3723 443 3794 ulterius
468 3726 659 3797 exhiberet.

254 3827 531 3922 Emphyteutae,
557 3843 691 3901 mutata
722 3830 929 3901 defensionis
954 3851 1034 3899 suae
1061 3827 1210 3906 ratione,
1237 3826 1304 3895 duo
1327 3847 1452 3918 propu-

179 3935 316 4025 gnanda
341 3947 589 4027 susceperunt,
608 3939 720 4028 [trimo
737 3935 896 4006 videlicet
917 3945 1026 4004 ratam
1044 3933 1213 4003 commodi
1239 3931 1451 4001 retinendam

180 4063 270 4121 esse,
297 4062 364 4108 non
390 4041 492 4110 modo
510 4043 543 4110 in
562 4041 787 4134 vectigalibus
805 4038 1058 4116 Camenalibus,
1085 4061 1146 4106 sou
1172 4037 1307 4127 aegris,
1333 4035 1391 4105 sed
1417 4049 1453 4104 ct

179 4147 286 4214 etiam
319 4147 352 4214 iu
386 4145 672 4239 llunicipalihnS,
707 4147 808 4216 modo
842 4145 970 4225 realia,
998 4165 1066 4212 non
1101 4142 1291 4234 personalia
1323 4141 1447 4212 forent.

180 4247 312 4320 Deinde
337 4252 557 4334 statuebant,
584 4251 860 4343 emphyteusim,
886 4252 928 4320 de
953 4273 1020 4340 qua
1045 4249 1229 4339 agebatur,
1249 4247 1275 4314 si
1294 4247 1453 4316 substan-

178 4355 228 4424 tia
247 4357 382 4448 potius,
402 4381 504 4451 quam
531 4379 654 4428 nomen
673 4371 708 4428 et
725 4357 856 4448 species
881 4356 1128 4447 inspiceretur,
1154 4350 1358 4423 locationem
1375 4372 1453 4422 uon·

177 4462 447 4554 ductionemque
473 4485 548 4534 esse
574 4463 712 4554 penitus
738 4461 976 4552 reputandam.
