<?xml version="1.0" encoding="UTF-8"?>
<!DOCTYPE html PUBLIC "-//W3C//DTD XHTML 1.0 Transitional//EN"
    "http://www.w3.org/TR/xhtml1/DTD/xhtml1-transitional.dtd">
<html xmlns="http://www.w3.org/1999/xhtml" xml:lang="en" lang="en">
 <head>
  <title>
</title>
<meta http-equiv="Content-Type" content="text/html;charset=utf-8" />
  <meta name='ocr-system' content='tesseract 3.04.00' />
  <meta name='ocr-capabilities' content='ocr_page ocr_carea ocr_par ocr_line ocrx_word'/>
</head>
<body>
  <div class='ocr_page' id='page_1' title='image "actasanctaesedi00ixgoog_0078.png"; bbox 0 0 3248 5004; ppageno 0'>
   <div class='ocr_carea' id='block_1_1' title="bbox 676 459 1452 531">
    <p class='ocr_par' dir='ltr' id='par_1_1' title="bbox 676 459 1452 531">
     <span class='ocr_line' id='line_1_1' title="bbox 676 459 1452 531; baseline 0.008 -3"><span class='ocrx_word' id='word_1_1' title='bbox 676 484 955 531; x_wconf 76' lang='lat' dir='ltr'><strong>otsrnraurrurur.</strong></span> <span class='ocrx_word' id='word_1_2' title='bbox 1405 459 1452 528; x_wconf 75' lang='grc'><strong>73</strong></span> 
     </span>
    </p>
   </div>
   <div class='ocr_carea' id='block_1_2' title="bbox 177 572 1458 1932">
    <p class='ocr_par' dir='ltr' id='par_1_2' title="bbox 177 572 1456 776">
     <span class='ocr_line' id='line_1_2' title="bbox 247 572 1456 668; baseline 0.002 -27"><span class='ocrx_word' id='word_1_3' title='bbox 247 572 287 641; x_wconf 82' lang='lat' dir='ltr'><strong>V.</strong></span> <span class='ocrx_word' id='word_1_4' title='bbox 311 601 327 636; x_wconf 81' lang='lat' dir='ltr'><strong>r</strong></span> <span class='ocrx_word' id='word_1_5' title='bbox 348 575 399 644; x_wconf 75' lang='lat' dir='ltr'><strong>An</strong></span> <span class='ocrx_word' id='word_1_6' title='bbox 417 587 451 647; x_wconf 90' lang='lat' dir='ltr'><strong>et</strong></span> <span class='ocrx_word' id='word_1_7' title='bbox 467 577 641 668; x_wconf 84' lang='lat' dir='ltr'><strong>quomodo</strong></span> <span class='ocrx_word' id='word_1_8' title='bbox 665 577 846 650; x_wconf 84' lang='lat' dir='ltr'><strong>lucrentur</strong></span> <span class='ocrx_word' id='word_1_9' title='bbox 867 579 1129 651; x_wconf 85' lang='lat' dir='ltr'><strong>distributiones</strong></span> <span class='ocrx_word' id='word_1_10' title='bbox 1145 577 1310 649; x_wconf 89' lang='lat' dir='ltr'><strong>Canonici</strong></span> <span class='ocrx_word' id='word_1_11' title='bbox 1330 573 1456 646; x_wconf 87' lang='lat' dir='ltr'><strong>absen-</strong></span> 
     </span>
     <span class='ocr_line' id='line_1_3' title="bbox 177 679 1453 776; baseline 0.003 -34"><span class='ocrx_word' id='word_1_12' title='bbox 177 703 194 742; x_wconf 70' lang='grc' dir='ltr'>υ</span> <span class='ocrx_word' id='word_1_13' title='bbox 216 690 270 749; x_wconf 88' lang='lat' dir='ltr'><strong>tes</strong></span> <span class='ocrx_word' id='word_1_14' title='bbox 281 703 300 749; x_wconf 88' lang='lat' dir='ltr'><strong>a</strong></span> <span class='ocrx_word' id='word_1_15' title='bbox 310 679 434 763; x_wconf 83' lang='lat' dir='ltr'><strong>Chora,</strong></span> <span class='ocrx_word' id='word_1_16' title='bbox 447 682 488 753; x_wconf 88' lang='lat' dir='ltr'><strong>ad</strong></span> <span class='ocrx_word' id='word_1_17' title='bbox 502 683 744 776; x_wconf 76' lang='lat' dir='ltr'><strong>explendendas</strong></span> <span class='ocrx_word' id='word_1_18' title='bbox 758 685 909 755; x_wconf 83' lang='lat' dir='ltr'><strong>rationes</strong></span> <span class='ocrx_word' id='word_1_19' title='bbox 923 685 1052 756; x_wconf 83' lang='lat' dir='ltr'><strong>Mussae</strong></span> <span class='ocrx_word' id='word_1_20' title='bbox 1064 681 1272 775; x_wconf 81' lang='lat' dir='ltr'><strong>Capitularis</strong></span> <span class='ocrx_word' id='word_1_21' title='bbox 1285 681 1318 750; x_wconf 94' lang='lat' dir='ltr'><strong>in</strong></span> <span class='ocrx_word' id='word_1_22' title='bbox 1332 702 1453 750; x_wconf 83' lang='lat' dir='ltr'><strong>casu.»</strong></span> 
     </span>
    </p>

    <p class='ocr_par' dir='ltr' id='par_1_3' title="bbox 179 784 1458 988">
     <span class='ocr_line' id='line_1_4' title="bbox 248 784 1458 880; baseline 0.003 -27"><span class='ocrx_word' id='word_1_23' title='bbox 248 784 305 854; x_wconf 84' lang='lat' dir='ltr'><strong>vt.</strong></span> <span class='ocrx_word' id='word_1_24' title='bbox 328 817 342 848; x_wconf 77' lang='lat' dir='ltr'><strong>o</strong></span> <span class='ocrx_word' id='word_1_25' title='bbox 361 787 411 856; x_wconf 77' lang='lat' dir='ltr'><strong>An</strong></span> <span class='ocrx_word' id='word_1_26' title='bbox 430 799 465 858; x_wconf 92' lang='lat' dir='ltr'><strong>et</strong></span> <span class='ocrx_word' id='word_1_27' title='bbox 481 791 655 880; x_wconf 91' lang='lat' dir='ltr'><strong>quomodo</strong></span> <span class='ocrx_word' id='word_1_28' title='bbox 675 791 855 860; x_wconf 90' lang='lat' dir='ltr'><strong>lucrentur</strong></span> <span class='ocrx_word' id='word_1_29' title='bbox 871 791 1133 861; x_wconf 85' lang='lat' dir='ltr'><strong>distributiones</strong></span> <span class='ocrx_word' id='word_1_30' title='bbox 1150 789 1314 860; x_wconf 86' lang='lat' dir='ltr'><strong>Canonici</strong></span> <span class='ocrx_word' id='word_1_31' title='bbox 1331 787 1458 858; x_wconf 90' lang='lat' dir='ltr'><strong>absen-</strong></span> 
     </span>
     <span class='ocr_line' id='line_1_5' title="bbox 179 891 1344 988; baseline 0.003 -32"><span class='ocrx_word' id='word_1_32' title='bbox 179 903 270 962; x_wconf 72' lang='lat' dir='ltr'><strong>ates</strong></span> <span class='ocrx_word' id='word_1_33' title='bbox 294 917 313 962; x_wconf 85' lang='lat' dir='ltr'><strong>a</strong></span> <span class='ocrx_word' id='word_1_34' title='bbox 338 891 449 963; x_wconf 83' lang='lat' dir='ltr'><strong>Chora</strong></span> <span class='ocrx_word' id='word_1_35' title='bbox 489 895 683 968; x_wconf 90' lang='lat' dir='ltr'><strong>ministerio</strong></span> <span class='ocrx_word' id='word_1_36' title='bbox 707 897 972 988; x_wconf 77' lang='lat' dir='ltr'>praedicationis</span> <span class='ocrx_word' id='word_1_37' title='bbox 998 910 1158 968; x_wconf 86' lang='lat' dir='ltr'><strong>vacantes</strong></span> <span class='ocrx_word' id='word_1_38' title='bbox 1176 896 1211 964; x_wconf 96' lang='lat' dir='ltr'><strong>in</strong></span> <span class='ocrx_word' id='word_1_39' title='bbox 1228 917 1344 964; x_wconf 76' lang='lat' dir='ltr'><strong>casu.»</strong></span> 
     </span>
    </p>

    <p class='ocr_par' dir='ltr' id='par_1_4' title="bbox 180 997 1458 1276">
     <span class='ocr_line' id='line_1_6' title="bbox 250 997 1458 1092; baseline 0.001 -25"><span class='ocrx_word' id='word_1_40' title='bbox 250 997 321 1068; x_wconf 92' lang='lat' dir='ltr'><strong>Vll.</strong></span> <span class='ocrx_word' id='word_1_41' title='bbox 342 1027 358 1063; x_wconf 75' lang='lat' dir='ltr'><strong>a</strong></span> <span class='ocrx_word' id='word_1_42' title='bbox 379 999 429 1069; x_wconf 79' lang='lat' dir='ltr'><strong>An</strong></span> <span class='ocrx_word' id='word_1_43' title='bbox 447 1012 482 1072; x_wconf 89' lang='lat' dir='ltr'><strong>et</strong></span> <span class='ocrx_word' id='word_1_44' title='bbox 499 1004 673 1092; x_wconf 86' lang='lat' dir='ltr'><strong>quomodo</strong></span> <span class='ocrx_word' id='word_1_45' title='bbox 688 999 853 1073; x_wconf 83' lang='lat' dir='ltr'><strong>Canonici</strong></span> <span class='ocrx_word' id='word_1_46' title='bbox 871 1001 1052 1073; x_wconf 92' lang='lat' dir='ltr'><strong>lucrentur</strong></span> <span class='ocrx_word' id='word_1_47' title='bbox 1075 1001 1351 1082; x_wconf 61' lang='lat' dir='ltr'><strong>distributiones</strong></span> <span class='ocrx_word' id='word_1_48' title='bbox 1369 1001 1458 1072; x_wconf 73' lang='lat' dir='ltr'><strong>dunt</strong></span> 
     </span>
     <span class='ocr_line' id='line_1_7' title="bbox 180 1102 1456 1198; baseline 0.003 -30"><span class='ocrx_word' id='word_1_49' title='bbox 180 1125 198 1168; x_wconf 79' lang='grc' dir='ltr'><strong>ι</strong></span> <span class='ocrx_word' id='word_1_50' title='bbox 218 1102 343 1173; x_wconf 85' lang='lat' dir='ltr'><strong>absunt</strong></span> <span class='ocrx_word' id='word_1_51' title='bbox 360 1127 378 1174; x_wconf 89' lang='lat' dir='ltr'><strong>a</strong></span> <span class='ocrx_word' id='word_1_52' title='bbox 395 1102 507 1175; x_wconf 87' lang='lat' dir='ltr'><strong>Charo</strong></span> <span class='ocrx_word' id='word_1_53' title='bbox 529 1129 591 1198; x_wconf 88' lang='lat' dir='ltr'><strong>pru</strong></span> <span class='ocrx_word' id='word_1_54' title='bbox 610 1107 768 1178; x_wconf 82' lang='lat' dir='ltr'>examine</span> <span class='ocrx_word' id='word_1_55' title='bbox 792 1105 1068 1178; x_wconf 89' lang='lat' dir='ltr'><strong>Ordinandorum</strong></span> <span class='ocrx_word' id='word_1_56' title='bbox 1087 1106 1139 1178; x_wconf 77' lang='lat' dir='ltr'><strong>vel</strong></span> <span class='ocrx_word' id='word_1_57' title='bbox 1156 1103 1456 1176; x_wconf 89' lang='lat' dir='ltr'><strong>Coniessuriorum</strong></span> 
     </span>
     <span class='ocr_line' id='line_1_8' title="bbox 181 1227 388 1276; baseline 0.01 -6"><span class='ocrx_word' id='word_1_58' title='bbox 181 1227 388 1276; x_wconf 63' lang='grc'>0111113811.»</span> 
     </span>
    </p>

    <p class='ocr_par' dir='ltr' id='par_1_5' title="bbox 182 1315 1455 1596">
     <span class='ocr_line' id='line_1_9' title="bbox 250 1315 1455 1408; baseline -0.002 -24"><span class='ocrx_word' id='word_1_59' title='bbox 250 1315 337 1386; x_wconf 89' lang='lat' dir='ltr'><strong>Vlll.</strong></span> <span class='ocrx_word' id='word_1_60' title='bbox 367 1317 454 1385; x_wconf 76' lang='lat' dir='ltr'><strong>«An</strong></span> <span class='ocrx_word' id='word_1_61' title='bbox 489 1329 525 1386; x_wconf 89' lang='lat' dir='ltr'><strong>et</strong></span> <span class='ocrx_word' id='word_1_62' title='bbox 561 1317 734 1408; x_wconf 91' lang='lat' dir='ltr'><strong>quomodo</strong></span> <span class='ocrx_word' id='word_1_63' title='bbox 752 1315 916 1386; x_wconf 87' lang='lat' dir='ltr'><strong>Cononici</strong></span> <span class='ocrx_word' id='word_1_64' title='bbox 943 1316 1114 1396; x_wconf 85' lang='lat' dir='ltr'><strong>Rectoris,</strong></span> <span class='ocrx_word' id='word_1_65' title='bbox 1143 1315 1455 1397; x_wconf 87' lang='lat' dir='ltr'><strong>Administratoris,</strong></span> 
     </span>
     <span class='ocr_line' id='line_1_10' title="bbox 182 1418 1442 1492; baseline -0.002 -3"><span class='ocrx_word' id='word_1_66' title='bbox 182 1447 199 1489; x_wconf 79' lang='lat' dir='ltr'><strong>a</strong></span> <span class='ocrx_word' id='word_1_67' title='bbox 218 1420 453 1492; x_wconf 82' lang='lat' dir='ltr'><strong>Professorum</strong></span> <span class='ocrx_word' id='word_1_68' title='bbox 481 1435 516 1490; x_wconf 91' lang='lat' dir='ltr'><strong>et</strong></span> <span class='ocrx_word' id='word_1_69' title='bbox 531 1421 814 1490; x_wconf 81' lang='lat' dir='ltr'><strong>Exmninatorum</strong></span> <span class='ocrx_word' id='word_1_70' title='bbox 833 1443 960 1489; x_wconf 90' lang='lat' dir='ltr'><strong>munus</strong></span> <span class='ocrx_word' id='word_1_71' title='bbox 978 1432 1180 1491; x_wconf 71' lang='lat' dir='ltr'><strong>exercentes</strong></span> <span class='ocrx_word' id='word_1_72' title='bbox 1197 1419 1230 1488; x_wconf 95' lang='lat' dir='ltr'><strong>in</strong></span> <span class='ocrx_word' id='word_1_73' title='bbox 1247 1418 1442 1490; x_wconf 84' lang='lat' dir='ltr'><strong>Seminario</strong></span> 
     </span>
     <span class='ocr_line' id='line_1_11' title="bbox 185 1523 1228 1596; baseline -0.004 -5"><span class='ocrx_word' id='word_1_74' title='bbox 185 1557 199 1591; x_wconf 72' lang='grc' dir='ltr'>ι</span> <span class='ocrx_word' id='word_1_75' title='bbox 219 1548 237 1594; x_wconf 89' lang='lat' dir='ltr'><strong>a</strong></span> <span class='ocrx_word' id='word_1_76' title='bbox 255 1523 368 1595; x_wconf 88' lang='lat' dir='ltr'><strong>Charo</strong></span> <span class='ocrx_word' id='word_1_77' title='bbox 386 1524 545 1594; x_wconf 85' lang='lat' dir='ltr'><strong>absentes</strong></span> <span class='ocrx_word' id='word_1_78' title='bbox 564 1523 740 1596; x_wconf 91' lang='lat' dir='ltr'><strong>lucrentur</strong></span> <span class='ocrx_word' id='word_1_79' title='bbox 764 1523 1026 1595; x_wconf 78' lang='lat' dir='ltr'><strong>distributiones</strong></span> <span class='ocrx_word' id='word_1_80' title='bbox 1051 1523 1084 1591; x_wconf 93' lang='lat' dir='ltr'><strong>in</strong></span> <span class='ocrx_word' id='word_1_81' title='bbox 1111 1545 1228 1592; x_wconf 76' lang='lat' dir='ltr'><strong>cusu.»</strong></span> 
     </span>
    </p>

    <p class='ocr_par' dir='ltr' id='par_1_6' title="bbox 185 1627 1457 1932">
     <span class='ocr_line' id='line_1_12' title="bbox 250 1627 1457 1721; baseline -0.002 -22"><span class='ocrx_word' id='word_1_82' title='bbox 250 1629 307 1699; x_wconf 84' lang='lat' dir='ltr'><strong>tx.</strong></span> <span class='ocrx_word' id='word_1_83' title='bbox 330 1660 346 1693; x_wconf 77' lang='lat' dir='ltr'><strong>a</strong></span> <span class='ocrx_word' id='word_1_84' title='bbox 364 1635 415 1699; x_wconf 74' lang='lat' dir='ltr'><strong>An</strong></span> <span class='ocrx_word' id='word_1_85' title='bbox 433 1643 468 1701; x_wconf 91' lang='lat' dir='ltr'><strong>et</strong></span> <span class='ocrx_word' id='word_1_86' title='bbox 484 1630 656 1721; x_wconf 90' lang='lat' dir='ltr'><strong>quomodo</strong></span> <span class='ocrx_word' id='word_1_87' title='bbox 672 1630 851 1702; x_wconf 89' lang='lat' dir='ltr'><strong>lucrentur</strong></span> <span class='ocrx_word' id='word_1_88' title='bbox 874 1630 1137 1700; x_wconf 73' lang='lat' dir='ltr'><strong>distributiones</strong></span> <span class='ocrx_word' id='word_1_89' title='bbox 1153 1627 1316 1698; x_wconf 83' lang='lat' dir='ltr'><strong>Canonici</strong></span> <span class='ocrx_word' id='word_1_90' title='bbox 1336 1627 1457 1699; x_wconf 89' lang='lat' dir='ltr'><strong>ahsen-</strong></span> 
     </span>
     <span class='ocr_line' id='line_1_13' title="bbox 185 1732 1456 1826; baseline 0.002 -29"><span class='ocrx_word' id='word_1_91' title='bbox 185 1765 200 1797; x_wconf 74' lang='lat' dir='ltr'><strong>a</strong></span> <span class='ocrx_word' id='word_1_92' title='bbox 221 1747 272 1804; x_wconf 89' lang='lat' dir='ltr'><strong>tes</strong></span> <span class='ocrx_word' id='word_1_93' title='bbox 292 1757 311 1804; x_wconf 85' lang='lat' dir='ltr'><strong>a</strong></span> <span class='ocrx_word' id='word_1_94' title='bbox 328 1733 452 1814; x_wconf 87' lang='lat' dir='ltr'><strong>Chora,</strong></span> <span class='ocrx_word' id='word_1_95' title='bbox 474 1748 514 1802; x_wconf 90' lang='lat' dir='ltr'><strong>ut</strong></span> <span class='ocrx_word' id='word_1_96' title='bbox 535 1735 735 1826; x_wconf 78' lang='lat' dir='ltr'><strong>pro-vicarii</strong></span> <span class='ocrx_word' id='word_1_97' title='bbox 761 1734 959 1815; x_wconf 80' lang='lat' dir='ltr'><strong>Generalis,</strong></span> <span class='ocrx_word' id='word_1_98' title='bbox 986 1732 1189 1803; x_wconf 88' lang='lat' dir='ltr'><strong>Cancellarii</strong></span> <span class='ocrx_word' id='word_1_99' title='bbox 1226 1744 1261 1802; x_wconf 91' lang='lat' dir='ltr'><strong>et</strong></span> <span class='ocrx_word' id='word_1_100' title='bbox 1278 1733 1456 1813; x_wconf 71' lang='lat' dir='ltr'><strong>bernarii,</strong></span> 
     </span>
     <span class='ocr_line' id='line_1_14' title="bbox 186 1837 1418 1932; baseline -0.003 -24"><span class='ocrx_word' id='word_1_101' title='bbox 186 1869 202 1902; x_wconf 80' lang='grc' dir='ltr'><strong>υ</strong></span> <span class='ocrx_word' id='word_1_102' title='bbox 223 1839 358 1931; x_wconf 84' lang='lat' dir='ltr'><strong>aliaque</strong></span> <span class='ocrx_word' id='word_1_103' title='bbox 381 1861 521 1909; x_wconf 87' lang='lat' dir='ltr'><strong>munera</strong></span> <span class='ocrx_word' id='word_1_104' title='bbox 547 1841 581 1908; x_wconf 93' lang='lat' dir='ltr'><strong>in</strong></span> <span class='ocrx_word' id='word_1_105' title='bbox 607 1837 708 1909; x_wconf 80' lang='lat' dir='ltr'><strong>Curia</strong></span> <span class='ocrx_word' id='word_1_106' title='bbox 735 1839 1023 1932; x_wconf 65' lang='lat' dir='ltr'><strong>archiepiscopali</strong></span> <span class='ocrx_word' id='word_1_107' title='bbox 1050 1853 1232 1910; x_wconf 77' lang='lat' dir='ltr'><strong>exerceant</strong></span> <span class='ocrx_word' id='word_1_108' title='bbox 1250 1839 1282 1906; x_wconf 96' lang='lat' dir='ltr'><strong>in</strong></span> <span class='ocrx_word' id='word_1_109' title='bbox 1301 1859 1418 1906; x_wconf 70' lang='lat' dir='ltr'><strong>casu.»</strong></span> 
     </span>
    </p>
   </div>
   <div class='ocr_carea' id='block_1_3' title="bbox 184 1940 1462 2458">
    <p class='ocr_par' dir='ltr' id='par_1_7' title="bbox 184 1940 1462 2224">
     <span class='ocr_line' id='line_1_15' title="bbox 252 1940 1458 2034; baseline -0.004 -22"><span class='ocrx_word' id='word_1_110' title='bbox 252 1942 293 2012; x_wconf 88' lang='lat' dir='ltr'><strong>X.</strong></span> <span class='ocrx_word' id='word_1_111' title='bbox 316 1971 331 2009; x_wconf 83' lang='lat' dir='ltr'><strong>u</strong></span> <span class='ocrx_word' id='word_1_112' title='bbox 350 1945 402 2012; x_wconf 75' lang='lat' dir='ltr'><strong>An</strong></span> <span class='ocrx_word' id='word_1_113' title='bbox 420 1957 454 2013; x_wconf 91' lang='lat' dir='ltr'><strong>et</strong></span> <span class='ocrx_word' id='word_1_114' title='bbox 470 1945 643 2034; x_wconf 86' lang='lat' dir='ltr'><strong>quomodo</strong></span> <span class='ocrx_word' id='word_1_115' title='bbox 668 1944 845 2015; x_wconf 85' lang='lat' dir='ltr'><strong>lucrentur</strong></span> <span class='ocrx_word' id='word_1_116' title='bbox 868 1944 1130 2013; x_wconf 89' lang='lat' dir='ltr'><strong>distributiones</strong></span> <span class='ocrx_word' id='word_1_117' title='bbox 1154 1943 1316 2012; x_wconf 83' lang='lat' dir='ltr'><strong>Canonici</strong></span> <span class='ocrx_word' id='word_1_118' title='bbox 1335 1940 1458 2011; x_wconf 88' lang='lat' dir='ltr'><strong>absen-</strong></span> 
     </span>
     <span class='ocr_line' id='line_1_16' title="bbox 184 2045 1462 2140; baseline 0 -28"><span class='ocrx_word' id='word_1_119' title='bbox 184 2061 273 2117; x_wconf 77' lang='lat' dir='ltr'><strong>»tes</strong></span> <span class='ocrx_word' id='word_1_120' title='bbox 296 2071 315 2116; x_wconf 87' lang='lat' dir='ltr'><strong>a</strong></span> <span class='ocrx_word' id='word_1_121' title='bbox 339 2045 463 2126; x_wconf 88' lang='lat' dir='ltr'><strong>Charo,</strong></span> <span class='ocrx_word' id='word_1_122' title='bbox 488 2047 616 2118; x_wconf 85' lang='lat' dir='ltr'><strong>Rerum</strong></span> <span class='ocrx_word' id='word_1_123' title='bbox 642 2047 891 2140; x_wconf 72' lang='lat' dir='ltr'><strong>capitularium</strong></span> <span class='ocrx_word' id='word_1_124' title='bbox 921 2049 972 2117; x_wconf 90' lang='lat' dir='ltr'><strong>vel</strong></span> <span class='ocrx_word' id='word_1_125' title='bbox 994 2047 1131 2118; x_wconf 85' lang='lat' dir='ltr'><strong>lllcnsue</strong></span> <span class='ocrx_word' id='word_1_126' title='bbox 1149 2045 1462 2138; x_wconf 79' lang='lat' dir='ltr'><strong>Archiepiscopalis</strong></span> 
     </span>
     <span class='ocr_line' id='line_1_17' title="bbox 185 2152 896 2224; baseline -0.001 -8"><span class='ocrx_word' id='word_1_127' title='bbox 185 2152 506 2224; x_wconf 73' lang='lat' dir='ltr'><strong>»administrationi</strong></span> <span class='ocrx_word' id='word_1_128' title='bbox 535 2165 695 2222; x_wconf 87' lang='lat' dir='ltr'><strong>vacantes</strong></span> <span class='ocrx_word' id='word_1_129' title='bbox 720 2153 752 2220; x_wconf 91' lang='lat' dir='ltr'><strong>in</strong></span> <span class='ocrx_word' id='word_1_130' title='bbox 779 2175 896 2222; x_wconf 83' lang='lat' dir='ltr'><strong>casu.»</strong></span> 
     </span>
    </p>

    <p class='ocr_par' dir='ltr' id='par_1_8' title="bbox 185 2255 1462 2458">
     <span class='ocr_line' id='line_1_18' title="bbox 252 2255 1462 2350; baseline -0.003 -24"><span class='ocrx_word' id='word_1_131' title='bbox 252 2257 311 2327; x_wconf 88' lang='lat' dir='ltr'><strong>xt.</strong></span> <span class='ocrx_word' id='word_1_132' title='bbox 333 2287 349 2326; x_wconf 85' lang='lat' dir='ltr'><strong>u</strong></span> <span class='ocrx_word' id='word_1_133' title='bbox 366 2263 418 2328; x_wconf 73' lang='lat' dir='ltr'><strong>An</strong></span> <span class='ocrx_word' id='word_1_134' title='bbox 439 2271 474 2329; x_wconf 91' lang='lat' dir='ltr'><strong>et</strong></span> <span class='ocrx_word' id='word_1_135' title='bbox 490 2258 664 2350; x_wconf 88' lang='lat' dir='ltr'><strong>quomodo</strong></span> <span class='ocrx_word' id='word_1_136' title='bbox 680 2257 874 2329; x_wconf 72' lang='lat' dir='ltr'><strong>canonicus</strong></span> <span class='ocrx_word' id='word_1_137' title='bbox 891 2257 1120 2329; x_wconf 86' lang='lat' dir='ltr'><strong>Cancellarius</strong></span> <span class='ocrx_word' id='word_1_138' title='bbox 1136 2255 1286 2350; x_wconf 81' lang='lat' dir='ltr'><strong>Capituli</strong></span> <span class='ocrx_word' id='word_1_139' title='bbox 1303 2255 1462 2325; x_wconf 87' lang='lat' dir='ltr'><strong>lucretur</strong></span> 
     </span>
     <span class='ocr_line' id='line_1_19' title="bbox 185 2363 1460 2458; baseline -0.001 -30"><span class='ocrx_word' id='word_1_140' title='bbox 185 2390 201 2428; x_wconf 80' lang='lat' dir='ltr'><strong>a</strong></span> <span class='ocrx_word' id='word_1_141' title='bbox 222 2364 498 2445; x_wconf 64' lang='lat' dir='ltr'><strong>distributiones</strong></span> <span class='ocrx_word' id='word_1_142' title='bbox 525 2388 588 2458; x_wconf 92' lang='lat' dir='ltr'><strong>pro</strong></span> <span class='ocrx_word' id='word_1_143' title='bbox 614 2364 765 2457; x_wconf 81' lang='lat' dir='ltr'><strong>Negotiis</strong></span> <span class='ocrx_word' id='word_1_144' title='bbox 785 2363 1042 2457; x_wconf 84' lang='lat' dir='ltr'><strong>Capitularibus</strong></span> <span class='ocrx_word' id='word_1_145' title='bbox 1058 2367 1091 2434; x_wconf 92' lang='lat' dir='ltr'><strong>in</strong></span> <span class='ocrx_word' id='word_1_146' title='bbox 1110 2364 1261 2434; x_wconf 86' lang='lat' dir='ltr'><strong>archivio</strong></span> <span class='ocrx_word' id='word_1_147' title='bbox 1285 2364 1460 2432; x_wconf 77' lang='lat' dir='ltr'><strong>distentus</strong></span> 
     </span>
    </p>
   </div>
   <div class='ocr_carea' id='block_1_4' title="bbox 184 2469 1462 3195">
    <p class='ocr_par' dir='ltr' id='par_1_9' title="bbox 184 2469 1462 3195">
     <span class='ocr_line' id='line_1_20' title="bbox 185 2469 397 2540; baseline 0 -6"><span class='ocrx_word' id='word_1_148' title='bbox 185 2469 256 2537; x_wconf 74' lang='lat' dir='ltr'><strong>sin</strong></span> <span class='ocrx_word' id='word_1_149' title='bbox 281 2493 397 2540; x_wconf 75' lang='lat' dir='ltr'><strong>casu.»</strong></span> 
     </span>
     <span class='ocr_line' id='line_1_21' title="bbox 281 2575 775 2669; baseline 0.002 -23"><span class='ocrx_word' id='word_1_150' title='bbox 281 2603 297 2640; x_wconf 77' lang='grc' dir='ltr'><strong>α</strong></span> <span class='ocrx_word' id='word_1_151' title='bbox 318 2577 363 2646; x_wconf 88' lang='lat' dir='ltr'><strong>Et</strong></span> <span class='ocrx_word' id='word_1_152' title='bbox 386 2575 556 2668; x_wconf 70' lang='lat' dir='ltr'><strong>quatenus</strong></span> <span class='ocrx_word' id='word_1_153' title='bbox 581 2577 739 2669; x_wconf 81' lang='lat' dir='ltr'><strong>negative</strong></span> <span class='ocrx_word' id='word_1_154' title='bbox 759 2603 775 2640; x_wconf 82' lang='lat' dir='ltr'><strong>r</strong></span> 
     </span>
     <span class='ocr_line' id='line_1_22' title="bbox 253 2677 1462 2774; baseline -0.005 -24"><span class='ocrx_word' id='word_1_155' title='bbox 253 2679 327 2750; x_wconf 88' lang='lat' dir='ltr'><strong>Xll.</strong></span> <span class='ocrx_word' id='word_1_156' title='bbox 350 2682 435 2750; x_wconf 72' lang='lat' dir='ltr'><strong>«tn</strong></span> <span class='ocrx_word' id='word_1_157' title='bbox 460 2682 709 2754; x_wconf 89' lang='lat' dir='ltr'><strong>consulendum</strong></span> <span class='ocrx_word' id='word_1_158' title='bbox 730 2683 837 2754; x_wconf 76' lang='lat' dir='ltr'><strong>SSr&#39;iro</strong></span> <span class='ocrx_word' id='word_1_159' title='bbox 863 2706 924 2774; x_wconf 90' lang='lat' dir='ltr'><strong>pru</strong></span> <span class='ocrx_word' id='word_1_160' title='bbox 949 2681 1165 2752; x_wconf 86' lang='lat' dir='ltr'><strong>absolutione</strong></span> <span class='ocrx_word' id='word_1_161' title='bbox 1183 2694 1218 2750; x_wconf 92' lang='lat' dir='ltr'><strong>et</strong></span> <span class='ocrx_word' id='word_1_162' title='bbox 1235 2677 1462 2749; x_wconf 87' lang='lat' dir='ltr'><strong>condonatio-</strong></span> 
     </span>
     <span class='ocr_line' id='line_1_23' title="bbox 186 2788 1040 2878; baseline 0 -28"><span class='ocrx_word' id='word_1_163' title='bbox 186 2806 267 2856; x_wconf 79' lang='lat' dir='ltr'><strong>»ne</strong></span> <span class='ocrx_word' id='word_1_164' title='bbox 292 2799 530 2878; x_wconf 87' lang='lat' dir='ltr'><strong>perceptarum</strong></span> <span class='ocrx_word' id='word_1_165' title='bbox 555 2788 839 2858; x_wconf 86' lang='lat' dir='ltr'><strong>distributionum</strong></span> <span class='ocrx_word' id='word_1_166' title='bbox 865 2789 898 2856; x_wconf 93' lang='lat' dir='ltr'><strong>in</strong></span> <span class='ocrx_word' id='word_1_167' title='bbox 923 2809 1040 2856; x_wconf 77' lang='lat' dir='ltr'><strong>casu.»</strong></span> 
     </span>
     <span class='ocr_line' id='line_1_24' title="bbox 256 2885 1461 2983; baseline -0.006 -23"><span class='ocrx_word' id='word_1_168' title='bbox 256 2888 389 2960; x_wconf 85' lang='lat' dir='ltr'><strong>Sotuno</strong></span> <span class='ocrx_word' id='word_1_169' title='bbox 411 2912 579 2960; x_wconf 84' lang='lat' dir='ltr'><strong>austoruu.</strong></span> <span class='ocrx_word' id='word_1_170' title='bbox 597 2933 642 2944; x_wconf 93' lang='lat'><strong>-·</strong></span> <span class='ocrx_word' id='word_1_171' title='bbox 659 2892 758 2961; x_wconf 87' lang='lat' dir='ltr'><strong>Sacra</strong></span> <span class='ocrx_word' id='word_1_172' title='bbox 777 2890 1005 2983; x_wconf 77' lang='lat' dir='ltr'><strong>Congregutio</strong></span> <span class='ocrx_word' id='word_1_173' title='bbox 1022 2889 1165 2960; x_wconf 88' lang='lat' dir='ltr'><strong>Concilii</strong></span> <span class='ocrx_word' id='word_1_174' title='bbox 1188 2911 1225 2958; x_wconf 92' lang='lat' dir='ltr'><strong>re</strong></span> <span class='ocrx_word' id='word_1_175' title='bbox 1251 2897 1387 2957; x_wconf 86' lang='lat' dir='ltr'><strong>mature</strong></span> <span class='ocrx_word' id='word_1_176' title='bbox 1411 2885 1461 2954; x_wconf 88' lang='lat' dir='ltr'><strong>di·</strong></span> 
     </span>
     <span class='ocr_line' id='line_1_25' title="bbox 184 2994 1189 3088; baseline -0.001 -26"><span class='ocrx_word' id='word_1_177' title='bbox 184 3015 303 3064; x_wconf 87' lang='lat' dir='ltr'><strong>scussa</strong></span> <span class='ocrx_word' id='word_1_178' title='bbox 351 2994 406 3064; x_wconf 90' lang='lat' dir='ltr'><strong>die</strong></span> <span class='ocrx_word' id='word_1_179' title='bbox 432 2998 476 3064; x_wconf 70' lang='lat'><strong>20</strong></span> <span class='ocrx_word' id='word_1_180' title='bbox 501 2995 674 3066; x_wconf 84' lang='lat' dir='ltr'><strong>Decembr.</strong></span> <span class='ocrx_word' id='word_1_181' title='bbox 699 2999 786 3065; x_wconf 74' lang='lat' dir='ltr'><strong>tata</strong></span> <span class='ocrx_word' id='word_1_182' title='bbox 812 2995 1018 3088; x_wconf 90' lang='lat' dir='ltr'><strong>respondere</strong></span> <span class='ocrx_word' id='word_1_183' title='bbox 1043 2995 1189 3065; x_wconf 91' lang='lat' dir='ltr'><strong>censuit.</strong></span> 
     </span>
     <span class='ocr_line' id='line_1_26' title="bbox 257 3099 1222 3195; baseline -0.004 -25"><span class='ocrx_word' id='word_1_184' title='bbox 257 3100 310 3171; x_wconf 82' lang='lat' dir='ltr'><strong>Ad</strong></span> <span class='ocrx_word' id='word_1_185' title='bbox 335 3099 360 3170; x_wconf 89' lang='grc' dir='ltr'><strong>Ι.</strong></span> <span class='ocrx_word' id='word_1_186' title='bbox 379 3099 541 3191; x_wconf 77' lang='lat' dir='ltr'><strong>Nepotive</strong></span> <span class='ocrx_word' id='word_1_187' title='bbox 557 3102 593 3170; x_wconf 85' lang='lat' dir='ltr'><strong>in</strong></span> <span class='ocrx_word' id='word_1_188' title='bbox 610 3101 775 3180; x_wconf 84' lang='lat' dir='ltr'><strong>omuibus,</strong></span> <span class='ocrx_word' id='word_1_189' title='bbox 793 3119 926 3195; x_wconf 75' lang='lat' dir='ltr'><strong>excepta</strong></span> <span class='ocrx_word' id='word_1_190' title='bbox 945 3100 1222 3170; x_wconf 85' lang='lat' dir='ltr'><strong>Paeniterttiario.</strong></span> 
     </span>
    </p>
   </div>
   <div class='ocr_carea' id='block_1_5' title="bbox 186 3199 1460 3378">
    <p class='ocr_par' dir='ltr' id='par_1_10' title="bbox 186 3199 1460 3378">
     <span class='ocr_line' id='line_1_27' title="bbox 257 3199 1460 3302; baseline -0.005 -28"><span class='ocrx_word' id='word_1_191' title='bbox 257 3207 310 3275; x_wconf 80' lang='lat' dir='ltr'><strong>Ad</strong></span> <span class='ocrx_word' id='word_1_192' title='bbox 334 3205 375 3275; x_wconf 93' lang='lat' dir='ltr'><strong>ll.</strong></span> <span class='ocrx_word' id='word_1_193' title='bbox 404 3204 579 3300; x_wconf 79' lang='lat' dir='ltr'><strong>Nepatiue,</strong></span> <span class='ocrx_word' id='word_1_194' title='bbox 605 3209 672 3277; x_wconf 82' lang='lat' dir='ltr'><strong>nisi</strong></span> <span class='ocrx_word' id='word_1_195' title='bbox 696 3207 737 3276; x_wconf 88' lang='lat' dir='ltr'><strong>de</strong></span> <span class='ocrx_word' id='word_1_196' title='bbox 764 3207 934 3302; x_wconf 71' lang='lat' dir='ltr'><strong>Praefecti</strong></span> <span class='ocrx_word' id='word_1_197' title='bbox 959 3205 1096 3276; x_wconf 85' lang='lat' dir='ltr'><strong>licentia</strong></span> <span class='ocrx_word' id='word_1_198' title='bbox 1120 3221 1151 3275; x_wconf 90' lang='lat' dir='ltr'><strong>et</strong></span> <span class='ocrx_word' id='word_1_199' title='bbox 1175 3205 1212 3273; x_wconf 88' lang='lat' dir='ltr'><strong>iu</strong></span> <span class='ocrx_word' id='word_1_200' title='bbox 1231 3199 1351 3297; x_wconf 81' lang='lat' dir='ltr'><strong>Populi</strong></span> <span class='ocrx_word' id='word_1_201' title='bbox 1371 3222 1460 3272; x_wconf 82' lang='lat' dir='ltr'><strong>com·</strong></span> 
     </span>
     <span class='ocr_line' id='line_1_28' title="bbox 186 3307 334 3378; baseline 0.014 -2"><span class='ocrx_word' id='word_1_202' title='bbox 186 3307 334 3378; x_wconf 84' lang='lat' dir='ltr'><strong>modam.</strong></span> 
     </span>
    </p>
   </div>
   <div class='ocr_carea' id='block_1_6' title="bbox 185 3408 1468 4562">
    <p class='ocr_par' dir='ltr' id='par_1_11' title="bbox 185 3408 1462 3614">
     <span class='ocr_line' id='line_1_29' title="bbox 257 3408 1462 3510; baseline -0.007 -26"><span class='ocrx_word' id='word_1_203' title='bbox 257 3415 310 3484; x_wconf 84' lang='lat' dir='ltr'><strong>Ad</strong></span> <span class='ocrx_word' id='word_1_204' title='bbox 333 3413 389 3483; x_wconf 88' lang='grc' dir='ltr'><strong>ΙΙΙ.</strong></span> <span class='ocrx_word' id='word_1_205' title='bbox 408 3415 618 3508; x_wconf 69' lang='lat' dir='ltr'><strong>Affirmative</strong></span> <span class='ocrx_word' id='word_1_206' title='bbox 633 3417 677 3486; x_wconf 89' lang='lat' dir='ltr'><strong>ad</strong></span> <span class='ocrx_word' id='word_1_207' title='bbox 690 3417 838 3510; x_wconf 85' lang='lat' dir='ltr'><strong>primam</strong></span> <span class='ocrx_word' id='word_1_208' title='bbox 860 3429 990 3508; x_wconf 88' lang='lat' dir='ltr'><strong>partem</strong></span> <span class='ocrx_word' id='word_1_209' title='bbox 1003 3428 1104 3510; x_wconf 86' lang='lat' dir='ltr'><strong>prout</strong></span> <span class='ocrx_word' id='word_1_210' title='bbox 1121 3415 1156 3481; x_wconf 86' lang='lat' dir='ltr'><strong>ia</strong></span> <span class='ocrx_word' id='word_1_211' title='bbox 1174 3412 1311 3506; x_wconf 74' lang='lat' dir='ltr'><strong>Lycien.</strong></span> <span class='ocrx_word' id='word_1_212' title='bbox 1336 3413 1376 3478; x_wconf 92' lang='lat' dir='ltr'><strong>l7</strong></span> <span class='ocrx_word' id='word_1_213' title='bbox 1395 3408 1462 3476; x_wconf 81' lang='lat' dir='ltr'><strong>Au·</strong></span> 
     </span>
     <span class='ocr_line' id='line_1_30' title="bbox 185 3518 1009 3614; baseline 0 -27"><span class='ocrx_word' id='word_1_214' title='bbox 185 3519 280 3610; x_wconf 72' lang='lat' dir='ltr'><strong>gusti</strong></span> <span class='ocrx_word' id='word_1_215' title='bbox 307 3519 389 3587; x_wconf 82' lang='grc'>1611</span> <span class='ocrx_word' id='word_1_216' title='bbox 408 3518 452 3588; x_wconf 89' lang='lat' dir='ltr'><strong>ud</strong></span> <span class='ocrx_word' id='word_1_217' title='bbox 474 3519 654 3590; x_wconf 84' lang='lat' dir='ltr'><strong>secundam</strong></span> <span class='ocrx_word' id='word_1_218' title='bbox 679 3534 811 3614; x_wconf 85' lang='lat' dir='ltr'><strong>partem</strong></span> <span class='ocrx_word' id='word_1_219' title='bbox 836 3519 1009 3612; x_wconf 82' lang='lat' dir='ltr'><strong>Nepotioe.</strong></span> 
     </span>
    </p>

    <p class='ocr_par' dir='ltr' id='par_1_12' title="bbox 260 3623 817 3718">
     <span class='ocr_line' id='line_1_31' title="bbox 260 3623 817 3718; baseline 0.002 -25"><span class='ocrx_word' id='word_1_220' title='bbox 260 3625 311 3694; x_wconf 80' lang='lat' dir='ltr'><strong>ad</strong></span> <span class='ocrx_word' id='word_1_221' title='bbox 335 3623 391 3693; x_wconf 87' lang='lat' dir='ltr'><strong>lV.</strong></span> <span class='ocrx_word' id='word_1_222' title='bbox 409 3623 569 3718; x_wconf 77' lang='lat' dir='ltr'><strong>Nepotive</strong></span> <span class='ocrx_word' id='word_1_223' title='bbox 594 3627 629 3694; x_wconf 87' lang='lat' dir='ltr'><strong>iu</strong></span> <span class='ocrx_word' id='word_1_224' title='bbox 655 3626 817 3696; x_wconf 79' lang='lat' dir='ltr'><strong>erunibus.</strong></span> 
     </span>
    </p>

    <p class='ocr_par' dir='ltr' id='par_1_13' title="bbox 259 3723 1382 3826">
     <span class='ocr_line' id='line_1_32' title="bbox 259 3723 1382 3826; baseline -0.004 -27"><span class='ocrx_word' id='word_1_225' title='bbox 259 3730 309 3799; x_wconf 78' lang='lat' dir='ltr'><strong>Ad</strong></span> <span class='ocrx_word' id='word_1_226' title='bbox 336 3730 374 3799; x_wconf 88' lang='lat' dir='ltr'><strong>V.</strong></span> <span class='ocrx_word' id='word_1_227' title='bbox 395 3731 606 3823; x_wconf 74' lang='lat' dir='ltr'><strong>Affirmatiae</strong></span> <span class='ocrx_word' id='word_1_228' title='bbox 619 3756 681 3826; x_wconf 86' lang='lat' dir='ltr'><strong>per</strong></span> <span class='ocrx_word' id='word_1_229' title='bbox 697 3747 826 3825; x_wconf 81' lang='lat' dir='ltr'><strong>tempas</strong></span> <span class='ocrx_word' id='word_1_230' title='bbox 843 3729 883 3800; x_wconf 85' lang='lat' dir='ltr'><strong>ab</strong></span> <span class='ocrx_word' id='word_1_231' title='bbox 902 3729 1084 3799; x_wconf 87' lang='lat' dir='ltr'><strong>Ordirrurio</strong></span> <span class='ocrx_word' id='word_1_232' title='bbox 1098 3723 1382 3822; x_wconf 75' lang='lat' dir='ltr'><strong>praeficiendam.</strong></span> 
     </span>
    </p>

    <p class='ocr_par' dir='ltr' id='par_1_14' title="bbox 261 3835 802 3928">
     <span class='ocr_line' id='line_1_33' title="bbox 261 3835 802 3928; baseline -0.002 -23"><span class='ocrx_word' id='word_1_233' title='bbox 261 3835 313 3906; x_wconf 76' lang='lat' dir='ltr'><strong>Ad</strong></span> <span class='ocrx_word' id='word_1_234' title='bbox 337 3835 392 3904; x_wconf 83' lang='lat' dir='ltr'><strong>Vl.</strong></span> <span class='ocrx_word' id='word_1_235' title='bbox 407 3835 569 3928; x_wconf 69' lang='lat' dir='ltr'><strong>Neratiae</strong></span> <span class='ocrx_word' id='word_1_236' title='bbox 586 3840 622 3906; x_wconf 86' lang='lat' dir='ltr'><strong>in</strong></span> <span class='ocrx_word' id='word_1_237' title='bbox 638 3836 802 3907; x_wconf 82' lang='lat' dir='ltr'><strong>omuibus.</strong></span> 
     </span>
    </p>

    <p class='ocr_par' dir='ltr' id='par_1_15' title="bbox 261 3940 819 4036">
     <span class='ocr_line' id='line_1_34' title="bbox 261 3940 819 4036; baseline -0.004 -24"><span class='ocrx_word' id='word_1_238' title='bbox 261 3943 311 4012; x_wconf 75' lang='lat' dir='ltr'><strong>Ad</strong></span> <span class='ocrx_word' id='word_1_239' title='bbox 336 3940 408 4010; x_wconf 87' lang='lat' dir='ltr'><strong>Vll.</strong></span> <span class='ocrx_word' id='word_1_240' title='bbox 426 3941 587 4036; x_wconf 79' lang='lat' dir='ltr'><strong>Nepotiae</strong></span> <span class='ocrx_word' id='word_1_241' title='bbox 604 3945 639 4012; x_wconf 86' lang='lat' dir='ltr'><strong>iu</strong></span> <span class='ocrx_word' id='word_1_242' title='bbox 657 3942 819 4013; x_wconf 77' lang='lat' dir='ltr'><strong>omatibus.</strong></span> 
     </span>
    </p>

    <p class='ocr_par' dir='ltr' id='par_1_16' title="bbox 259 4047 854 4142">
     <span class='ocr_line' id='line_1_35' title="bbox 259 4047 854 4142; baseline -0.002 -26"><span class='ocrx_word' id='word_1_243' title='bbox 259 4047 311 4116; x_wconf 79' lang='lat' dir='ltr'><strong>Ad</strong></span> <span class='ocrx_word' id='word_1_244' title='bbox 336 4047 422 4116; x_wconf 91' lang='lat' dir='ltr'><strong>Vill.</strong></span> <span class='ocrx_word' id='word_1_245' title='bbox 446 4047 605 4142; x_wconf 81' lang='lat' dir='ltr'><strong>Napative</strong></span> <span class='ocrx_word' id='word_1_246' title='bbox 630 4052 665 4118; x_wconf 83' lang='lat' dir='ltr'><strong>ia</strong></span> <span class='ocrx_word' id='word_1_247' title='bbox 691 4047 854 4118; x_wconf 79' lang='lat' dir='ltr'><strong>omuibus.</strong></span> 
     </span>
    </p>

    <p class='ocr_par' dir='ltr' id='par_1_17' title="bbox 260 4150 821 4244">
     <span class='ocr_line' id='line_1_36' title="bbox 260 4150 821 4244; baseline 0 -24"><span class='ocrx_word' id='word_1_248' title='bbox 260 4152 311 4221; x_wconf 84' lang='lat' dir='ltr'><strong>Ad</strong></span> <span class='ocrx_word' id='word_1_249' title='bbox 336 4151 392 4220; x_wconf 88' lang='lat' dir='ltr'><strong>lX.</strong></span> <span class='ocrx_word' id='word_1_250' title='bbox 413 4150 573 4244; x_wconf 84' lang='lat' dir='ltr'><strong>Nepoticc</strong></span> <span class='ocrx_word' id='word_1_251' title='bbox 597 4155 632 4222; x_wconf 84' lang='lat' dir='ltr'><strong>r‘u</strong></span> <span class='ocrx_word' id='word_1_252' title='bbox 658 4153 821 4223; x_wconf 81' lang='lat' dir='ltr'><strong>omuibus.</strong></span> 
     </span>
    </p>

    <p class='ocr_par' dir='ltr' id='par_1_18' title="bbox 186 4248 1468 4562">
     <span class='ocr_line' id='line_1_37' title="bbox 259 4248 1466 4346; baseline -0.01 -20"><span class='ocrx_word' id='word_1_253' title='bbox 259 4257 310 4326; x_wconf 76' lang='lat' dir='ltr'><strong>Ad</strong></span> <span class='ocrx_word' id='word_1_254' title='bbox 335 4255 375 4325; x_wconf 89' lang='lat' dir='ltr'><strong>ll.</strong></span> <span class='ocrx_word' id='word_1_255' title='bbox 397 4253 513 4342; x_wconf 85' lang='lat' dir='ltr'><strong>Quoad</strong></span> <span class='ocrx_word' id='word_1_256' title='bbox 527 4256 734 4331; x_wconf 80' lang='lat' dir='ltr'><strong>Cartouieum</strong></span> <span class='ocrx_word' id='word_1_257' title='bbox 748 4259 1061 4328; x_wconf 81' lang='lat' dir='ltr'><strong>Administratorem</strong></span> <span class='ocrx_word' id='word_1_258' title='bbox 1076 4255 1201 4325; x_wconf 86' lang='lat' dir='ltr'><strong>Rerum</strong></span> <span class='ocrx_word' id='word_1_259' title='bbox 1214 4248 1466 4346; x_wconf 71' lang='lat' dir='ltr'><strong>capitularium</strong></span> 
     </span>
     <span class='ocr_line' id='line_1_38' title="bbox 187 4351 1468 4460; baseline -0.008 -28"><span class='ocrx_word' id='word_1_260' title='bbox 187 4361 399 4455; x_wconf 78' lang='lat' dir='ltr'><strong>Affirmatiae</strong></span> <span class='ocrx_word' id='word_1_261' title='bbox 420 4389 482 4460; x_wconf 85' lang='lat' dir='ltr'><strong>pro</strong></span> <span class='ocrx_word' id='word_1_262' title='bbox 506 4364 621 4434; x_wconf 80' lang='lat' dir='ltr'><strong>dicbus</strong></span> <span class='ocrx_word' id='word_1_263' title='bbox 645 4379 675 4432; x_wconf 92' lang='lat' dir='ltr'><strong>ct</strong></span> <span class='ocrx_word' id='word_1_264' title='bbox 700 4364 791 4432; x_wconf 85' lang='lat' dir='ltr'><strong>lroris</strong></span> <span class='ocrx_word' id='word_1_265' title='bbox 816 4363 935 4456; x_wconf 81' lang='lat' dir='ltr'><strong>prtibrrs</strong></span> <span class='ocrx_word' id='word_1_266' title='bbox 962 4383 1077 4456; x_wconf 83' lang='lat' dir='ltr'><strong>reapse</strong></span> <span class='ocrx_word' id='word_1_267' title='bbox 1107 4356 1268 4428; x_wconf 84' lang='lat' dir='ltr'><strong>incumbit</strong></span> <span class='ocrx_word' id='word_1_268' title='bbox 1293 4356 1329 4424; x_wconf 84' lang='lat' dir='ltr'><strong>ia</strong></span> <span class='ocrx_word' id='word_1_269' title='bbox 1352 4351 1468 4424; x_wconf 84' lang='lat' dir='ltr'><strong>arimi-</strong></span> 
     </span>
     <span class='ocr_line' id='line_1_39' title="bbox 186 4467 868 4562; baseline 0.003 -26"><span class='ocrx_word' id='word_1_270' title='bbox 186 4468 445 4540; x_wconf 67' lang='lat' dir='ltr'><strong>narrationem:</strong></span> <span class='ocrx_word' id='word_1_271' title='bbox 471 4471 505 4538; x_wconf 87' lang='lat' dir='ltr'><strong>iu</strong></span> <span class='ocrx_word' id='word_1_272' title='bbox 531 4467 670 4562; x_wconf 80' lang='lat' dir='ltr'><strong>reliquia</strong></span> <span class='ocrx_word' id='word_1_273' title='bbox 694 4467 868 4560; x_wconf 74' lang='lat' dir='ltr'><strong>ll&#39;cputiar.</strong></span> 
     </span>
    </p>
   </div>
   <div class='ocr_carea' id='block_1_7' title="bbox 0 0 1636 5004">
    <p class='ocr_par' dir='ltr' id='par_1_19' title="bbox 0 0 1636 5004">
     <span class='ocr_line' id='line_1_40' title="bbox 0 0 1636 5004; baseline 0 0"><span class='ocrx_word' id='word_1_274' title='bbox 0 0 1636 5004; x_wconf 95' lang='lat' dir='ltr'><strong> </strong></span> 
     </span>
    </p>
   </div>
  </div>
 </body>
</html>
