3248 5004
681 474 958 522 ovsvmsvvrouuu.
1418 449 1460 518 ov

255 573 369 662 Quare
393 576 686 670 subiungebatur,
714 601 792 650 eum
819 580 852 648 in
879 577 1076 649 huiusmodi
1102 575 1373 650 circumstantiis
1397 577 1462 648 Ca·

189 681 301 751 nouici
322 682 530 755 adsistentes
555 697 588 754 et
611 684 840 757 inservientes
865 685 1037 778 Episcopo
1069 684 1300 756 necessarium
1334 705 1462 752 munus

188 786 398 880 adimpleant
422 788 517 859 iuxta
530 792 781 883 praescriptum
795 791 988 863 Tridentini
1002 790 1160 872 Concilii,
1172 791 1240 861 iam
1253 791 1332 860 indc
1346 788 1461 881 colligi

188 915 286 985 posse
299 894 425 975 videri,
458 931 460 935 ·
511 893 703 967 Canonicos
717 897 888 991 Episcopo
906 899 1145 980 inservientes,
1168 898 1306 969 Missam
1323 909 1460 966 tantum

187 999 355 1089 privatam
373 1000 577 1084 celebranti,
595 1003 857 1075 distributiones
874 1027 943 1075 non
968 1005 1108 1087 lucrari,
1124 1027 1186 1076 ceu
1204 1004 1309 1075 etiam
1326 1003 1362 1074 S.
1374 1001 1462 1072 Con·

186 1108 338 1198 gregalia
367 1107 522 1178 delinivit
546 1108 580 1178 in
605 1131 674 1178 una
699 1109 859 1179 Pisurvm
885 1114 927 1180 tt
954 1109 1110 1180 lenvvrii
1139 1115 1225 1180 tunt
1251 1109 1309 1179 lib.
1334 1114 1374 1179 tt
1399 1109 1464 1180 lle·

186 1225 268 1281 cret.
291 1235 328 1306 p.
358 1214 438 1284 253.
461 1213 572 1284 Dubio
598 1211 689 1286 enim
715 1218 911 1307 proposito:
942 1243 956 1282 u
975 1218 1027 1285 An
1053 1217 1207 1286 canonici
1233 1217 1464 1287 inservientes

189 1342 204 1381 v
227 1317 424 1410 Episcopo,
448 1319 586 1390 Missam
617 1321 786 1413 privatam
816 1323 1027 1403 celebranti,
1060 1323 1320 1393 distributiones
1346 1323 1466 1415 quoti--

188 1423 342 1496 »dianas
366 1423 562 1509 lucrentur,
585 1428 722 1498 censuit
742 1430 970 1522 respondere:
989 1426 1235 1498 acclamari.»
1257 1429 1343 1501 ltem
1375 1428 1460 1499 alibi

183 1531 331 1602 censuit.

255 1635 367 1722 Quoto
392 1661 539 1716 ovavvvu
566 1664 693 1711 auarus.
719 1639 939 1728 Quaerebant
964 1641 1146 1723 Canoniei,
1174 1663 1216 1712 an
1241 1653 1383 1734 possent
1408 1641 1461 1711 lu·

183 1744 273 1812 erari
299 1745 561 1818 distributiones
586 1748 803 1839 quotidianas
827 1749 890 1830 illi,
905 1749 964 1840 qui
991 1760 1132 1820 manent
1155 1770 1262 1841 penes
1283 1749 1467 1839 Archiepi·

184 1871 327 1941 scopum
353 1851 398 1922 ob
422 1852 547 1924 Curiae
572 1855 708 1946 negotia
734 1854 969 1946 expedienda,
997 1867 1033 1925 et
1059 1854 1081 1923 ii
1107 1854 1212 1926 ctiam
1237 1855 1297 1946 qui
1323 1853 1465 1924 Archie·

185 1957 367 2050 piseopum
391 1981 454 2052 per
477 1959 611 2031 diversa
645 1962 812 2033 dioecesis
837 1961 928 2045 loca,
959 1962 1013 2033 vel
1039 1960 1118 2032 alibi
1152 1961 1375 2032 comitantur.
1408 1961 1460 2029 Ad

184 2061 269 2134 baec
294 2064 489 2148 enodanda,
508 2065 849 2138 animadvertebatur
873 2079 949 2136 tum
966 2090 1009 2138 cx
1034 2067 1147 2159 eapite
1164 2065 1214 2136 lle
1238 2080 1378 2135 coetero.
1409 2065 1461 2135 De

184 2166 265 2239 cler.
293 2193 359 2240 non
384 2170 485 2240 resid.
501 2185 575 2241 tum
601 2196 644 2243 ex
668 2173 782 2266 capite
809 2171 910 2243 Olim.
932 2173 983 2244 lle
1005 2171 1095 2242 verb.
1109 2173 1251 2264 sipnific.
1267 2171 1462 2241 Canonicos

183 2299 331 2368 quorum
356 2299 459 2369 opera
484 2291 631 2349 utuntur
660 2280 847 2372 Episcopi,
876 2279 1072 2350 huiusmodi
1106 2279 1253 2348 durante
1286 2278 1459 2358 servitio,

184 2395 362 2474 tamquam
386 2395 586 2476 praesentes
609 2384 728 2456 haberi
746 2385 787 2455 ad
807 2385 968 2456 ellectum
994 2384 1144 2456 lucrandi
1163 2385 1293 2478 [rutenis
1317 2407 1460 2454 suarum

184 2489 481 2579 praebendarum,
508 2511 576 2560 non
602 2513 683 2561 vem
708 2489 869 2562 victualia
887 2492 972 2584 (seu
990 2491 1273 2583 distributiones)
1291 2512 1376 2584 pune
1392 2515 1458 2560 nort

182 2609 421 2666 consueverunt
445 2595 633 2666 absentibus
649 2595 825 2679 exbiberi,
842 2595 895 2668 vei
912 2595 1086 2666 mvn-velie
1102 2595 1260 2690 beneficio
1277 2618 1364 2688 quae
1380 2597 1461 2666 dan-

183 2714 243 2770 tur
270 2702 415 2793 singulis
431 2703 553 2774 diebus
585 2702 653 2773 illis
670 2715 806 2774 tantum
823 2705 882 2796 qui
901 2705 1075 2774 intersunt
1092 2703 1229 2773 divinis.
1241 2702 1374 2788 Quibus
1390 2705 1461 2774 dis·

182 2833 267 2880 sona
292 2832 360 2878 non
385 2823 479 2893 sunt,
506 2833 595 2903 quae
612 2833 631 2880 a
648 2809 802 2882 Concilio
819 2811 1022 2882 Tridentino
1047 2824 1128 2881 sunt
1153 2823 1301 2892 statuta,
1319 2834 1397 2881 sess.
1413 2814 1458 2879 it

180 2942 211 2986 c.
235 2920 289 2984 tv.
308 2915 377 2988 Nee
393 2917 495 2988 aliter
512 2917 547 2986 S.
565 2915 606 2986 C.
625 2915 664 2988 (l.
684 2917 830 2988 censuit.
857 2917 997 2988 Etenim
1021 2918 1059 2986 in
1085 2918 1216 2988 Sorano
1245 2920 1331 2985 1587
1357 2913 1417 2984 lib.
1437 2919 1460 2986 3

182 3023 316 3094 Decret.
336 3046 373 3117 p.
391 3026 454 3094 301
485 3023 655 3094 delinivit:
684 3021 868 3095 Canonicos
891 3024 1110 3093 inservientes
1134 3021 1305 3116 Episcopis
1329 3018 1460 3091 lucrari

181 3131 312 3221 [ructus
340 3127 634 3224 praebendorum,
659 3150 726 3197 non
750 3141 862 3198 eutem
887 3128 1099 3222 quotidianos
1123 3125 1384 3197 distributiones.
1412 3127 1460 3197 Et

181 3235 218 3302 in
235 3231 391 3304 brixien.
412 3237 451 3302 l8
471 3231 616 3329 Septem.
637 3237 724 3302 tcto
742 3230 799 3302 lib.
820 3236 861 3305 13
878 3233 1011 3304 Decret.
1023 3235 1093 3327 ps
1111 3232 1264 3303 censuit:
1283 3253 1389 3300 avnvun
1406 3230 1460 3300 vel

181 3338 263 3408 dnos
280 3337 463 3412 Cenonicos
479 3341 639 3434 Episcopo
656 3339 886 3420 inservientes,
903 3341 1000 3407 iuxta
1011 3337 1230 3433 privilepium
1247 3337 1293 3406 vd
1307 3339 1459 3431 servorem

182 3443 422 3542 Episcopomm
447 3449 481 3516 in
507 3447 621 3538 capite
639 3445 689 3518 De
714 3458 898 3517 coetero„
911 3443 1040 3516 lucrari
1052 3445 1280 3540 praebendam
1298 3445 1368 3536 (seu
1386 3445 1462 3538 (rra-

180 3555 265 3646 ctns)
282 3575 419 3623 suorum
435 3555 707 3632 canonicatuum,
732 3575 798 3621 non
823 3565 936 3622 tamen
957 3551 1205 3622 distributiones
1221 3551 1459 3646 quotidianas,-

181 3659 210 3726 εἰ
233 3682 311 3729 vero
334 3660 461 3731 reditus
476 3684 589 3730 omnes
612 3657 899 3729 distributionibus
923 3673 1091 3738 constent,
1113 3657 1196 3727 dnus
1213 3671 1342 3726 tantum
1364 3679 1406 3726 en
1423 3655 1462 3724 il·

181 3764 295 3836 lurvm
310 3766 417 3837 tribus
427 3766 583 3863 pertibus
606 3765 746 3835 lucrari.

253 3871 323 3943 Nec
347 3873 448 3944 aliter
471 3873 651 3945 dicebatur
676 3883 848 3942 statutum
872 3871 1015 3942 luisses
1036 3869 1071 3940 S.
1093 3868 1131 3939 C.
1151 3867 1190 3938 C.
1210 3891 1273 3960 pro
1290 3869 1332 3938 iis
1349 3867 1459 3938 Cann-

181 3979 282 4062 nicis,
300 3980 358 4071 qui
378 3977 587 4073 Episcopum
613 3980 646 4048 in
673 3979 871 4050 visitatione
908 3974 1075 4048 dioecesis
1100 3975 1323 4045 comitantur.
1351 3971 1460 4043 Bene·

181 4085 296 4155 dietus
319 4083 393 4155 Xlll
418 4084 528 4156 instit.
548 4084 662 4156 eccles.
685 4089 748 4154 t07
767 4108 801 4154 n.
824 4087 878 4154 tv.
899 4083 1081 4174 Fagnanus
1097 4079 1160 4150 loc.
1180 4081 1237 4149 cit.
1255 4103 1291 4148 u.
1314 4083 1391 4147 tut.
1413 4080 1460 4149 Et

182 4203 317 4262 attenta
342 4190 556 4262 solummodo
582 4193 751 4263 tenuitate
777 4191 965 4271 redituum,
985 4189 1019 4260 S.
1034 4188 1262 4279 Congregatio
1283 4187 1323 4256 C.
1344 4185 1464 4254 distri·

182 4297 345 4370 butiones
368 4298 586 4392 quotidianas
611 4297 818 4390 quibusdam
842 4295 1039 4375 CanoniciS,
1068 4297 1278 4386 Episcopum
1296 4293 1330 4361 in
1348 4291 1384 4361 S.
1404 4291 1463 4359 Vi·

181 4406 347 4478 sitatione
370 4405 630 4488 comitantibus,
656 4405 826 4476 concessit
852 4405 886 4473 in
913 4425 980 4473 una
1007 4401 1044 4472 S.
1073 4401 1223 4471 Miniatis
1248 4403 1268 4470 8
1296 4397 1461 4468 Februor.
