<?xml version="1.0" encoding="UTF-8"?>
<!DOCTYPE html PUBLIC "-//W3C//DTD XHTML 1.0 Transitional//EN"
    "http://www.w3.org/TR/xhtml1/DTD/xhtml1-transitional.dtd">
<html xmlns="http://www.w3.org/1999/xhtml" xml:lang="en" lang="en">
 <head>
  <title>
</title>
<meta http-equiv="Content-Type" content="text/html;charset=utf-8" />
  <meta name='ocr-system' content='tesseract 3.04.00' />
  <meta name='ocr-capabilities' content='ocr_page ocr_carea ocr_par ocr_line ocrx_word'/>
</head>
<body>
  <div class='ocr_page' id='page_1' title='image "actasanctaesedi00ixgoog_0015.png"; bbox 0 0 3248 5004; ppageno 0'>
   <div class='ocr_carea' id='block_1_1' title="bbox 571 397 1105 454">
    <p class='ocr_par' dir='ltr' id='par_1_1' title="bbox 571 397 1105 454">
     <span class='ocr_line' id='line_1_1' title="bbox 571 397 1105 454; baseline 0.019 -11"><span class='ocrx_word' id='word_1_1' title='bbox 571 397 609 444; x_wconf 79' lang='lat' dir='ltr'>DE</span> <span class='ocrx_word' id='word_1_2' title='bbox 627 398 729 446; x_wconf 74' lang='grc'>1188111</span> <span class='ocrx_word' id='word_1_3' title='bbox 747 401 875 450; x_wconf 71' lang='lat' dir='ltr'>traust-</span> <span class='ocrx_word' id='word_1_4' title='bbox 894 404 933 450; x_wconf 78' lang='lat' dir='ltr'>st</span> <span class='ocrx_word' id='word_1_5' title='bbox 952 403 1105 454; x_wconf 62' lang='lat' dir='ltr'>uertitur,</span> 
     </span>
    </p>
   </div>
   <div class='ocr_carea' id='block_1_2' title="bbox 193 707 1471 2504">
    <p class='ocr_par' dir='ltr' id='par_1_2' title="bbox 198 707 1470 1105">
     <span class='ocr_line' id='line_1_2' title="bbox 266 707 1468 788; baseline 0.005 -8"><span class='ocrx_word' id='word_1_6' title='bbox 266 707 292 780; x_wconf 95' lang='lat' dir='ltr'>l.</span> <span class='ocrx_word' id='word_1_7' title='bbox 317 737 332 778; x_wconf 85' lang='grc'>1</span> <span class='ocrx_word' id='word_1_8' title='bbox 345 711 471 782; x_wconf 91' lang='lat' dir='ltr'>Utrum</span> <span class='ocrx_word' id='word_1_9' title='bbox 502 710 586 782; x_wconf 88' lang='lat' dir='ltr'>haec</span> <span class='ocrx_word' id='word_1_10' title='bbox 616 712 829 784; x_wconf 85' lang='lat' dir='ltr'><strong>consuetudo</strong></span> <span class='ocrx_word' id='word_1_11' title='bbox 860 714 1047 786; x_wconf 87' lang='lat' dir='ltr'>secundam</span> <span class='ocrx_word' id='word_1_12' title='bbox 1079 714 1218 786; x_wconf 79' lang='lat' dir='ltr'>Missam</span> <span class='ocrx_word' id='word_1_13' title='bbox 1251 713 1468 788; x_wconf 85' lang='lat' dir='ltr'>celebrandi.</span> 
     </span>
     <span class='ocr_line' id='line_1_3' title="bbox 198 817 1469 912; baseline 0.006 -29"><span class='ocrx_word' id='word_1_14' title='bbox 198 817 423 889; x_wconf 76' lang='lat' dir='ltr'>»tolleranda</span> <span class='ocrx_word' id='word_1_15' title='bbox 449 817 495 886; x_wconf 90' lang='lat' dir='ltr'>sit</span> <span class='ocrx_word' id='word_1_16' title='bbox 520 817 554 885; x_wconf 92' lang='lat' dir='ltr'>iu</span> <span class='ocrx_word' id='word_1_17' title='bbox 580 817 744 889; x_wconf 90' lang='lat' dir='ltr'>omnibus</span> <span class='ocrx_word' id='word_1_18' title='bbox 768 820 956 912; x_wconf 87' lang='lat' dir='ltr'>praedictis</span> <span class='ocrx_word' id='word_1_19' title='bbox 981 819 1134 892; x_wconf 90' lang='lat' dir='ltr'>ecclesiis</span> <span class='ocrx_word' id='word_1_20' title='bbox 1158 821 1319 902; x_wconf 82' lang='lat' dir='ltr'>adnexis,</span> <span class='ocrx_word' id='word_1_21' title='bbox 1338 822 1401 892; x_wconf 87' lang='lat' dir='ltr'>ubi</span> <span class='ocrx_word' id='word_1_22' title='bbox 1411 822 1469 891; x_wconf 83' lang='grc'>1110</span> 
     </span>
     <span class='ocr_line' id='line_1_4' title="bbox 200 927 1470 1022; baseline 0.006 -30"><span class='ocrx_word' id='word_1_23' title='bbox 200 954 215 992; x_wconf 72' lang='lat' dir='ltr'>a</span> <span class='ocrx_word' id='word_1_24' title='bbox 236 949 310 997; x_wconf 81' lang='lat' dir='ltr'>rnos</span> <span class='ocrx_word' id='word_1_25' title='bbox 329 928 378 997; x_wconf 91' lang='lat' dir='ltr'>ita</span> <span class='ocrx_word' id='word_1_26' title='bbox 404 927 570 1010; x_wconf 86' lang='lat' dir='ltr'>invaluit,</span> <span class='ocrx_word' id='word_1_27' title='bbox 589 941 628 998; x_wconf 93' lang='lat' dir='ltr'>ut</span> <span class='ocrx_word' id='word_1_28' title='bbox 647 928 796 1022; x_wconf 90' lang='lat' dir='ltr'>populus</span> <span class='ocrx_word' id='word_1_29' title='bbox 812 930 918 1000; x_wconf 88' lang='lat' dir='ltr'>otiam</span> <span class='ocrx_word' id='word_1_30' title='bbox 936 930 991 999; x_wconf 89' lang='lat' dir='ltr'>ius</span> <span class='ocrx_word' id='word_1_31' title='bbox 1007 929 1050 1000; x_wconf 91' lang='lat' dir='ltr'>ad</span> <span class='ocrx_word' id='word_1_32' title='bbox 1068 929 1160 1000; x_wconf 86' lang='lat' dir='ltr'>illam</span> <span class='ocrx_word' id='word_1_33' title='bbox 1177 931 1380 1022; x_wconf 79' lang='lat' dir='ltr'>exigendam</span> <span class='ocrx_word' id='word_1_34' title='bbox 1397 931 1470 1001; x_wconf 86' lang='lat' dir='ltr'>cxi·</span> 
     </span>
     <span class='ocr_line' id='line_1_5' title="bbox 199 1031 602 1105; baseline 0.015 -10"><span class='ocrx_word' id='word_1_35' title='bbox 199 1057 215 1094; x_wconf 74' lang='lat' dir='ltr'>a</span> <span class='ocrx_word' id='word_1_36' title='bbox 236 1031 357 1102; x_wconf 89' lang='lat' dir='ltr'>stimet</span> <span class='ocrx_word' id='word_1_37' title='bbox 380 1032 602 1105; x_wconf 72' lang='grc'>0011111010.»</span> 
     </span>
    </p>

    <p class='ocr_par' dir='ltr' id='par_1_3' title="bbox 200 1137 1468 1445">
     <span class='ocr_line' id='line_1_6' title="bbox 267 1137 1467 1214; baseline 0.003 -7"><span class='ocrx_word' id='word_1_38' title='bbox 267 1137 310 1207; x_wconf 95' lang='lat' dir='ltr'>ll.</span> <span class='ocrx_word' id='word_1_39' title='bbox 332 1166 346 1203; x_wconf 83' lang='grc'>1</span> <span class='ocrx_word' id='word_1_40' title='bbox 363 1137 489 1208; x_wconf 86' lang='lat' dir='ltr'>Utrum</span> <span class='ocrx_word' id='word_1_41' title='bbox 515 1139 690 1211; x_wconf 83' lang='lat' dir='ltr'>Perochus</span> <span class='ocrx_word' id='word_1_42' title='bbox 715 1141 910 1212; x_wconf 89' lang='lat' dir='ltr'>necessario</span> <span class='ocrx_word' id='word_1_43' title='bbox 933 1139 1061 1212; x_wconf 92' lang='lat' dir='ltr'>debeat</span> <span class='ocrx_word' id='word_1_44' title='bbox 1077 1141 1168 1212; x_wconf 90' lang='lat' dir='ltr'>illam</span> <span class='ocrx_word' id='word_1_45' title='bbox 1185 1141 1373 1214; x_wconf 88' lang='lat' dir='ltr'>secundam</span> <span class='ocrx_word' id='word_1_46' title='bbox 1390 1143 1467 1212; x_wconf 80' lang='lat' dir='ltr'>llis·</span> 
     </span>
     <span class='ocr_line' id='line_1_7' title="bbox 200 1245 1468 1339; baseline 0.006 -31"><span class='ocrx_word' id='word_1_47' title='bbox 200 1269 215 1308; x_wconf 81' lang='grc'>1</span> <span class='ocrx_word' id='word_1_48' title='bbox 236 1265 309 1312; x_wconf 87' lang='lat' dir='ltr'>sam</span> <span class='ocrx_word' id='word_1_49' title='bbox 329 1245 503 1338; x_wconf 90' lang='lat' dir='ltr'>applicare</span> <span class='ocrx_word' id='word_1_50' title='bbox 529 1268 592 1337; x_wconf 90' lang='lat' dir='ltr'>pro</span> <span class='ocrx_word' id='word_1_51' title='bbox 614 1245 746 1338; x_wconf 89' lang='lat' dir='ltr'>Populo</span> <span class='ocrx_word' id='word_1_52' title='bbox 771 1247 872 1317; x_wconf 91' lang='lat' dir='ltr'>sicuti</span> <span class='ocrx_word' id='word_1_53' title='bbox 889 1247 1059 1339; x_wconf 83' lang='lat' dir='ltr'>primam,</span> <span class='ocrx_word' id='word_1_54' title='bbox 1080 1246 1132 1317; x_wconf 86' lang='lat' dir='ltr'>vel</span> <span class='ocrx_word' id='word_1_55' title='bbox 1152 1247 1296 1319; x_wconf 79' lang='lat' dir='ltr'><strong>liberam</strong></span> <span class='ocrx_word' id='word_1_56' title='bbox 1323 1248 1468 1318; x_wconf 88' lang='lat' dir='ltr'>retineat</span> 
     </span>
     <span class='ocr_line' id='line_1_8' title="bbox 200 1349 959 1445; baseline 0.007 -30"><span class='ocrx_word' id='word_1_57' title='bbox 200 1376 215 1414; x_wconf 83' lang='grc'>1</span> <span class='ocrx_word' id='word_1_58' title='bbox 236 1349 329 1420; x_wconf 93' lang='lat' dir='ltr'>illius</span> <span class='ocrx_word' id='word_1_59' title='bbox 352 1350 620 1444; x_wconf 79' lang='lat' dir='ltr'>applicationem</span> <span class='ocrx_word' id='word_1_60' title='bbox 645 1375 726 1422; x_wconf 91' lang='lat' dir='ltr'>cum</span> <span class='ocrx_word' id='word_1_61' title='bbox 751 1352 959 1445; x_wconf 74' lang='lat' dir='ltr'>stipendio.»</span> 
     </span>
    </p>

    <p class='ocr_par' dir='ltr' id='par_1_4' title="bbox 199 1456 1468 1762">
     <span class='ocr_line' id='line_1_9' title="bbox 267 1456 1468 1552; baseline 0 -25"><span class='ocrx_word' id='word_1_62' title='bbox 267 1456 324 1527; x_wconf 94' lang='lat' dir='ltr'>lll.</span> <span class='ocrx_word' id='word_1_63' title='bbox 347 1457 501 1529; x_wconf 75' lang='lat' dir='ltr'>«Utrum</span> <span class='ocrx_word' id='word_1_64' title='bbox 528 1458 705 1529; x_wconf 81' lang='lat' dir='ltr'>licentiam</span> <span class='ocrx_word' id='word_1_65' title='bbox 730 1459 812 1529; x_wconf 90' lang='lat' dir='ltr'>darc</span> <span class='ocrx_word' id='word_1_66' title='bbox 836 1472 941 1549; x_wconf 81' lang='lat' dir='ltr'>queat</span> <span class='ocrx_word' id='word_1_67' title='bbox 964 1459 1161 1552; x_wconf 77' lang='lat' dir='ltr'>Episcopus</span> <span class='ocrx_word' id='word_1_68' title='bbox 1175 1459 1216 1529; x_wconf 91' lang='lat' dir='ltr'>ad</span> <span class='ocrx_word' id='word_1_69' title='bbox 1233 1459 1329 1530; x_wconf 91' lang='lat' dir='ltr'>illam</span> <span class='ocrx_word' id='word_1_70' title='bbox 1347 1481 1468 1530; x_wconf 89' lang='lat' dir='ltr'>seeun-</span> 
     </span>
     <span class='ocr_line' id='line_1_10' title="bbox 200 1561 1467 1645; baseline 0.003 -17"><span class='ocrx_word' id='word_1_71' title='bbox 200 1562 315 1632; x_wconf 76' lang='lat' dir='ltr'>»dam</span> <span class='ocrx_word' id='word_1_72' title='bbox 339 1561 479 1633; x_wconf 83' lang='lat' dir='ltr'>Missam</span> <span class='ocrx_word' id='word_1_73' title='bbox 504 1563 743 1635; x_wconf 84' lang='lat' dir='ltr'>celebrandam</span> <span class='ocrx_word' id='word_1_74' title='bbox 770 1565 804 1633; x_wconf 95' lang='lat' dir='ltr'>in</span> <span class='ocrx_word' id='word_1_75' title='bbox 831 1564 968 1635; x_wconf 88' lang='lat' dir='ltr'>casibus</span> <span class='ocrx_word' id='word_1_76' title='bbox 992 1564 1184 1645; x_wconf 90' lang='lat' dir='ltr'>similibus,</span> <span class='ocrx_word' id='word_1_77' title='bbox 1203 1578 1237 1636; x_wconf 87' lang='lat' dir='ltr'>et</span> <span class='ocrx_word' id='word_1_78' title='bbox 1254 1567 1288 1634; x_wconf 92' lang='lat' dir='ltr'>in</span> <span class='ocrx_word' id='word_1_79' title='bbox 1306 1564 1394 1636; x_wconf 90' lang='lat' dir='ltr'>locis</span> <span class='ocrx_word' id='word_1_80' title='bbox 1409 1565 1467 1635; x_wconf 92' lang='lat' dir='ltr'>ubi</span> 
     </span>
     <span class='ocr_line' id='line_1_11' title="bbox 199 1669 1125 1762; baseline 0.005 -31"><span class='ocrx_word' id='word_1_81' title='bbox 199 1669 316 1738; x_wconf 77' lang='lat' dir='ltr'>stalis</span> <span class='ocrx_word' id='word_1_82' title='bbox 340 1670 555 1741; x_wconf 83' lang='lat' dir='ltr'>consuetudo</span> <span class='ocrx_word' id='word_1_83' title='bbox 580 1693 690 1762; x_wconf 88' lang='lat' dir='ltr'>usque</span> <span class='ocrx_word' id='word_1_84' title='bbox 714 1669 825 1741; x_wconf 92' lang='lat' dir='ltr'>adhuc</span> <span class='ocrx_word' id='word_1_85' title='bbox 850 1692 919 1740; x_wconf 92' lang='lat' dir='ltr'>non</span> <span class='ocrx_word' id='word_1_86' title='bbox 944 1671 1125 1740; x_wconf 71' lang='lat' dir='ltr'>invaluit.»</span> 
     </span>
    </p>

    <p class='ocr_par' dir='ltr' id='par_1_5' title="bbox 198 1773 1471 2292">
     <span class='ocr_line' id='line_1_12' title="bbox 266 1773 1471 1868; baseline -0.003 -23"><span class='ocrx_word' id='word_1_87' title='bbox 266 1775 322 1845; x_wconf 87' lang='lat' dir='ltr'>lv.</span> <span class='ocrx_word' id='word_1_88' title='bbox 344 1775 498 1846; x_wconf 79' lang='lat' dir='ltr'>«Utrum</span> <span class='ocrx_word' id='word_1_89' title='bbox 516 1777 718 1868; x_wconf 88' lang='lat' dir='ltr'>praesertim</span> <span class='ocrx_word' id='word_1_90' title='bbox 737 1776 949 1868; x_wconf 84' lang='lat' dir='ltr'>praedictam</span> <span class='ocrx_word' id='word_1_91' title='bbox 966 1775 1142 1847; x_wconf 83' lang='lat' dir='ltr'>licentiam</span> <span class='ocrx_word' id='word_1_92' title='bbox 1160 1775 1344 1846; x_wconf 77' lang='lat' dir='ltr'>concedere</span> <span class='ocrx_word' id='word_1_93' title='bbox 1359 1773 1471 1866; x_wconf 87' lang='lat' dir='ltr'>possit</span> 
     </span>
     <span class='ocr_line' id='line_1_13' title="bbox 199 1880 1471 1974; baseline 0.002 -28"><span class='ocrx_word' id='word_1_94' title='bbox 199 1894 393 1974; x_wconf 69' lang='lat' dir='ltr'>»tempore</span> <span class='ocrx_word' id='word_1_95' title='bbox 425 1880 641 1952; x_wconf 88' lang='lat' dir='ltr'>collectionis</span> <span class='ocrx_word' id='word_1_96' title='bbox 674 1883 861 1964; x_wconf 90' lang='lat' dir='ltr'>messium,</span> <span class='ocrx_word' id='word_1_97' title='bbox 892 1905 971 1953; x_wconf 91' lang='lat' dir='ltr'>cum</span> <span class='ocrx_word' id='word_1_98' title='bbox 996 1882 1137 1974; x_wconf 89' lang='lat' dir='ltr'>plurimi</span> <span class='ocrx_word' id='word_1_99' title='bbox 1168 1882 1313 1973; x_wconf 85' lang='lat' dir='ltr'>operarii</span> <span class='ocrx_word' id='word_1_100' title='bbox 1335 1883 1373 1949; x_wconf 88' lang='lat' dir='ltr'>in</span> <span class='ocrx_word' id='word_1_101' title='bbox 1400 1902 1471 1950; x_wconf 92' lang='lat' dir='ltr'>uno</span> 
     </span>
     <span class='ocr_line' id='line_1_14' title="bbox 199 1986 1467 2080; baseline 0.002 -28"><span class='ocrx_word' id='word_1_102' title='bbox 199 1986 376 2078; x_wconf 74' lang='lat' dir='ltr'>»praedio</span> <span class='ocrx_word' id='word_1_103' title='bbox 393 2011 452 2057; x_wconf 92' lang='lat' dir='ltr'>seu</span> <span class='ocrx_word' id='word_1_104' title='bbox 471 1987 551 2058; x_wconf 90' lang='lat' dir='ltr'>villa</span> <span class='ocrx_word' id='word_1_105' title='bbox 576 2002 802 2069; x_wconf 86' lang='lat' dir='ltr'>concurrant,</span> <span class='ocrx_word' id='word_1_106' title='bbox 821 1988 881 2080; x_wconf 94' lang='lat' dir='ltr'>qui</span> <span class='ocrx_word' id='word_1_107' title='bbox 907 1999 1002 2058; x_wconf 87' lang='lat' dir='ltr'>certe</span> <span class='ocrx_word' id='word_1_108' title='bbox 1027 1989 1167 2058; x_wconf 90' lang='lat' dir='ltr'>missam</span> <span class='ocrx_word' id='word_1_109' title='bbox 1193 2009 1262 2057; x_wconf 91' lang='lat' dir='ltr'>non</span> <span class='ocrx_word' id='word_1_110' title='bbox 1287 1987 1467 2066; x_wconf 84' lang='lat' dir='ltr'>audirent,</span> 
     </span>
     <span class='ocr_line' id='line_1_15' title="bbox 198 2089 1470 2182; baseline -0.001 -22"><span class='ocrx_word' id='word_1_111' title='bbox 198 2094 300 2164; x_wconf 74' lang='lat' dir='ltr'>anisi</span> <span class='ocrx_word' id='word_1_112' title='bbox 325 2093 499 2163; x_wconf 89' lang='lat' dir='ltr'>Parochus</span> <span class='ocrx_word' id='word_1_113' title='bbox 524 2095 709 2166; x_wconf 90' lang='lat' dir='ltr'>secundam</span> <span class='ocrx_word' id='word_1_114' title='bbox 735 2095 771 2163; x_wconf 94' lang='lat' dir='ltr'>in</span> <span class='ocrx_word' id='word_1_115' title='bbox 796 2117 837 2165; x_wconf 93' lang='grc' dir='ltr'>οο</span> <span class='ocrx_word' id='word_1_116' title='bbox 862 2093 938 2164; x_wconf 90' lang='lat' dir='ltr'>loco</span> <span class='ocrx_word' id='word_1_117' title='bbox 963 2093 1113 2176; x_wconf 90' lang='lat' dir='ltr'>diceret,</span> <span class='ocrx_word' id='word_1_118' title='bbox 1133 2117 1176 2164; x_wconf 83' lang='lat' dir='ltr'>ex</span> <span class='ocrx_word' id='word_1_119' title='bbox 1202 2115 1243 2163; x_wconf 89' lang='lat' dir='ltr'>eo</span> <span class='ocrx_word' id='word_1_120' title='bbox 1267 2091 1356 2182; x_wconf 93' lang='lat' dir='ltr'>quod</span> <span class='ocrx_word' id='word_1_121' title='bbox 1381 2089 1470 2162; x_wconf 89' lang='lat' dir='ltr'>alins</span> 
     </span>
     <span class='ocr_line' id='line_1_16' title="bbox 198 2199 1202 2292; baseline -0.002 -28"><span class='ocrx_word' id='word_1_122' title='bbox 198 2227 213 2264; x_wconf 82' lang='grc'>1</span> <span class='ocrx_word' id='word_1_123' title='bbox 234 2199 400 2270; x_wconf 89' lang='lat' dir='ltr'>Sacerdos</span> <span class='ocrx_word' id='word_1_124' title='bbox 424 2199 466 2269; x_wconf 92' lang='lat' dir='ltr'>ad</span> <span class='ocrx_word' id='word_1_125' title='bbox 491 2199 586 2270; x_wconf 90' lang='lat' dir='ltr'>illam</span> <span class='ocrx_word' id='word_1_126' title='bbox 611 2200 793 2272; x_wconf 90' lang='lat' dir='ltr'>dicendam</span> <span class='ocrx_word' id='word_1_127' title='bbox 818 2199 935 2270; x_wconf 89' lang='lat' dir='ltr'>haberi</span> <span class='ocrx_word' id='word_1_128' title='bbox 963 2221 1030 2269; x_wconf 93' lang='lat' dir='ltr'>non</span> <span class='ocrx_word' id='word_1_129' title='bbox 1057 2200 1202 2292; x_wconf 76' lang='lat' dir='ltr'>possit.»</span> 
     </span>
    </p>

    <p class='ocr_par' dir='ltr' id='par_1_6' title="bbox 193 2304 1469 2504">
     <span class='ocr_line' id='line_1_17' title="bbox 264 2304 1467 2399; baseline 0 -24"><span class='ocrx_word' id='word_1_130' title='bbox 264 2305 447 2375; x_wconf 81' lang='lat' dir='ltr'>Resouurm</span> <span class='ocrx_word' id='word_1_131' title='bbox 472 2306 801 2377; x_wconf 69' lang='lat' dir='ltr'>eustanum—Sacra</span> <span class='ocrx_word' id='word_1_132' title='bbox 827 2307 1056 2399; x_wconf 81' lang='lat' dir='ltr'>Congregatio</span> <span class='ocrx_word' id='word_1_133' title='bbox 1086 2305 1230 2377; x_wconf 85' lang='lat' dir='ltr'>Consilii</span> <span class='ocrx_word' id='word_1_134' title='bbox 1256 2305 1312 2375; x_wconf 90' lang='lat' dir='ltr'>die</span> <span class='ocrx_word' id='word_1_135' title='bbox 1339 2307 1382 2371; x_wconf 74' lang='grc'>11</span> <span class='ocrx_word' id='word_1_136' title='bbox 1406 2304 1467 2375; x_wconf 84' lang='lat' dir='ltr'>Fe-</span> 
     </span>
     <span class='ocr_line' id='line_1_18' title="bbox 193 2408 1469 2504; baseline -0.002 -24"><span class='ocrx_word' id='word_1_137' title='bbox 193 2410 322 2480; x_wconf 89' lang='lat' dir='ltr'>bruarii</span> <span class='ocrx_word' id='word_1_138' title='bbox 352 2414 438 2481; x_wconf 72' lang='lat'><strong>1862</strong></span> <span class='ocrx_word' id='word_1_139' title='bbox 465 2413 672 2504; x_wconf 91' lang='lat' dir='ltr'>respondere</span> <span class='ocrx_word' id='word_1_140' title='bbox 697 2414 851 2483; x_wconf 91' lang='lat' dir='ltr'>censuit:</span> <span class='ocrx_word' id='word_1_141' title='bbox 880 2412 922 2482; x_wconf 89' lang='lat' dir='ltr'>ad</span> <span class='ocrx_word' id='word_1_142' title='bbox 944 2412 970 2481; x_wconf 92' lang='lat' dir='ltr'>l.</span> <span class='ocrx_word' id='word_1_143' title='bbox 991 2424 1025 2481; x_wconf 93' lang='lat' dir='ltr'>et</span> <span class='ocrx_word' id='word_1_144' title='bbox 1044 2411 1100 2480; x_wconf 91' lang='lat' dir='ltr'>lll.</span> <span class='ocrx_word' id='word_1_145' title='bbox 1119 2411 1320 2504; x_wconf 76' lang='lat' dir='ltr'>affirmative</span> <span class='ocrx_word' id='word_1_146' title='bbox 1345 2408 1469 2478; x_wconf 86' lang='lat' dir='ltr'>iudicio</span> 
     </span>
    </p>
   </div>
   <div class='ocr_carea' id='block_1_3' title="bbox 191 2514 1470 3032">
    <p class='ocr_par' dir='ltr' id='par_1_7' title="bbox 191 2514 1470 3032">
     <span class='ocr_line' id='line_1_19' title="bbox 194 2514 1468 2611; baseline -0.002 -27"><span class='ocrx_word' id='word_1_147' title='bbox 194 2514 369 2610; x_wconf 80' lang='lat' dir='ltr'>Episcopi,</span> <span class='ocrx_word' id='word_1_148' title='bbox 393 2515 488 2586; x_wconf 88' lang='lat' dir='ltr'>nulla</span> <span class='ocrx_word' id='word_1_149' title='bbox 511 2515 625 2586; x_wconf 81' lang='lat' dir='ltr'>babila</span> <span class='ocrx_word' id='word_1_150' title='bbox 649 2519 780 2588; x_wconf 86' lang='lat' dir='ltr'>ratione</span> <span class='ocrx_word' id='word_1_151' title='bbox 804 2517 1075 2596; x_wconf 80' lang='lat' dir='ltr'>consuetudinis,</span> <span class='ocrx_word' id='word_1_152' title='bbox 1100 2532 1131 2586; x_wconf 90' lang='lat' dir='ltr'>et</span> <span class='ocrx_word' id='word_1_153' title='bbox 1155 2530 1318 2611; x_wconf 85' lang='lat' dir='ltr'>quatenus</span> <span class='ocrx_word' id='word_1_154' title='bbox 1333 2514 1370 2583; x_wconf 87' lang='lat' dir='ltr'>in</span> <span class='ocrx_word' id='word_1_155' title='bbox 1387 2535 1468 2582; x_wconf 87' lang='lat' dir='ltr'>uno·</span> 
     </span>
     <span class='ocr_line' id='line_1_20' title="bbox 191 2617 1470 2715; baseline 0 -27"><span class='ocrx_word' id='word_1_156' title='bbox 191 2643 320 2715; x_wconf 73' lang='lat' dir='ltr'>petoque</span> <span class='ocrx_word' id='word_1_157' title='bbox 334 2643 413 2692; x_wconf 86' lang='lat' dir='ltr'>casu</span> <span class='ocrx_word' id='word_1_158' title='bbox 430 2635 630 2692; x_wconf 85' lang='lat' dir='ltr'>concurrant</span> <span class='ocrx_word' id='word_1_159' title='bbox 646 2623 919 2693; x_wconf 85' lang='lat' dir='ltr'>circumstantiae</span> <span class='ocrx_word' id='word_1_160' title='bbox 934 2623 1140 2693; x_wconf 82' lang='lat' dir='ltr'>necessitatis</span> <span class='ocrx_word' id='word_1_161' title='bbox 1155 2620 1200 2692; x_wconf 88' lang='lat' dir='ltr'>ad</span> <span class='ocrx_word' id='word_1_162' title='bbox 1214 2622 1360 2715; x_wconf 75' lang='lat' dir='ltr'>formam</span> <span class='ocrx_word' id='word_1_163' title='bbox 1383 2617 1470 2691; x_wconf 88' lang='lat' dir='ltr'>Cou-</span> 
     </span>
     <span class='ocr_line' id='line_1_21' title="bbox 191 2725 1468 2823; baseline 0 -29"><span class='ocrx_word' id='word_1_164' title='bbox 191 2727 374 2796; x_wconf 85' lang='lat' dir='ltr'>stitutionis</span> <span class='ocrx_word' id='word_1_165' title='bbox 398 2725 522 2798; x_wconf 77' lang='lat' dir='ltr'>Benede</span> <span class='ocrx_word' id='word_1_166' title='bbox 533 2729 643 2799; x_wconf 87' lang='lat' dir='ltr'>ctinae</span> <span class='ocrx_word' id='word_1_167' title='bbox 659 2742 691 2797; x_wconf 92' lang='lat' dir='ltr'>et</span> <span class='ocrx_word' id='word_1_168' title='bbox 708 2727 953 2798; x_wconf 86' lang='lat' dir='ltr'>Declarationis</span> <span class='ocrx_word' id='word_1_169' title='bbox 975 2753 1092 2799; x_wconf 86' lang='lat' dir='ltr'>sacrae</span> <span class='ocrx_word' id='word_1_170' title='bbox 1111 2727 1384 2823; x_wconf 80' lang='lat' dir='ltr'>Conprepotionis</span> <span class='ocrx_word' id='word_1_171' title='bbox 1401 2725 1468 2796; x_wconf 76' lang='lat' dir='ltr'>diez</span> 
     </span>
     <span class='ocr_line' id='line_1_22' title="bbox 196 2829 1469 2928; baseline -0.002 -26"><span class='ocrx_word' id='word_1_172' title='bbox 196 2840 236 2902; x_wconf 81' lang='grc'>11</span> <span class='ocrx_word' id='word_1_173' title='bbox 256 2831 408 2904; x_wconf 81' lang='lat' dir='ltr'>Octobris</span> <span class='ocrx_word' id='word_1_174' title='bbox 435 2835 524 2904; x_wconf 84' lang='grc'>1813</span> <span class='ocrx_word' id='word_1_175' title='bbox 550 2832 677 2904; x_wconf 85' lang='lat' dir='ltr'>relatae</span> <span class='ocrx_word' id='word_1_176' title='bbox 693 2835 729 2902; x_wconf 86' lang='lat' dir='ltr'>iu</span> <span class='ocrx_word' id='word_1_177' title='bbox 749 2833 966 2906; x_wconf 72' lang='lat' dir='ltr'>cameracen.</span> <span class='ocrx_word' id='word_1_178' title='bbox 986 2833 1107 2906; x_wconf 82' lang='lat' dir='ltr'>Missae</span> <span class='ocrx_word' id='word_1_179' title='bbox 1118 2857 1183 2928; x_wconf 90' lang='lat' dir='ltr'>pro</span> <span class='ocrx_word' id='word_1_180' title='bbox 1200 2832 1327 2927; x_wconf 88' lang='lat' dir='ltr'>Populo</span> <span class='ocrx_word' id='word_1_181' title='bbox 1345 2835 1388 2900; x_wconf 74' lang='lat' dir='ltr'>ut</span> <span class='ocrx_word' id='word_1_182' title='bbox 1409 2829 1469 2900; x_wconf 89' lang='lat' dir='ltr'>Se-</span> 
     </span>
     <span class='ocr_line' id='line_1_23' title="bbox 191 2936 480 3032; baseline -0.003 -26"><span class='ocrx_word' id='word_1_183' title='bbox 191 2936 352 3032; x_wconf 81' lang='lat' dir='ltr'>ptembris</span> <span class='ocrx_word' id='word_1_184' title='bbox 380 2942 480 3008; x_wconf 79' lang='lat'><strong>1858.</strong></span> 
     </span>
    </p>
   </div>
   <div class='ocr_carea' id='block_1_4' title="bbox 261 3042 1467 3138">
    <p class='ocr_par' dir='ltr' id='par_1_8' title="bbox 261 3042 1467 3138">
     <span class='ocr_line' id='line_1_24' title="bbox 261 3042 1467 3138; baseline -0.002 -24"><span class='ocrx_word' id='word_1_185' title='bbox 261 3045 313 3114; x_wconf 79' lang='lat' dir='ltr'>Ad</span> <span class='ocrx_word' id='word_1_186' title='bbox 338 3045 379 3114; x_wconf 95' lang='lat' dir='ltr'>ll.</span> <span class='ocrx_word' id='word_1_187' title='bbox 408 3045 532 3115; x_wconf 88' lang='lat' dir='ltr'>dentur</span> <span class='ocrx_word' id='word_1_188' title='bbox 555 3042 772 3115; x_wconf 86' lang='lat' dir='ltr'>resolutiones</span> <span class='ocrx_word' id='word_1_189' title='bbox 796 3046 832 3115; x_wconf 91' lang='lat' dir='ltr'>in</span> <span class='ocrx_word' id='word_1_190' title='bbox 859 3044 1159 3118; x_wconf 61' lang='lat' dir='ltr'>cameracenses·</span> <span class='ocrx_word' id='word_1_191' title='bbox 1176 3048 1219 3114; x_wconf 76' lang='grc'>15</span> <span class='ocrx_word' id='word_1_192' title='bbox 1242 3042 1334 3138; x_wconf 84' lang='lat' dir='ltr'>Sept.</span> <span class='ocrx_word' id='word_1_193' title='bbox 1363 3046 1467 3113; x_wconf 84' lang='grc'>1858.</span> 
     </span>
    </p>
   </div>
   <div class='ocr_carea' id='block_1_5' title="bbox 192 3149 1468 4508">
    <p class='ocr_par' dir='ltr' id='par_1_9' title="bbox 263 3149 964 3244">
     <span class='ocr_line' id='line_1_25' title="bbox 263 3149 964 3244; baseline -0.003 -24"><span class='ocrx_word' id='word_1_194' title='bbox 263 3151 315 3220; x_wconf 84' lang='lat' dir='ltr'>Ad</span> <span class='ocrx_word' id='word_1_195' title='bbox 341 3149 397 3222; x_wconf 88' lang='lat' dir='ltr'>lV.</span> <span class='ocrx_word' id='word_1_196' title='bbox 420 3151 592 3243; x_wconf 86' lang='lat' dir='ltr'>prouisum</span> <span class='ocrx_word' id='word_1_197' title='bbox 617 3151 653 3219; x_wconf 89' lang='lat' dir='ltr'>in</span> <span class='ocrx_word' id='word_1_198' title='bbox 673 3149 964 3244; x_wconf 84' lang='lat' dir='ltr'>praecedentibus.</span> 
     </span>
    </p>

    <p class='ocr_par' dir='ltr' id='par_1_10' title="bbox 192 3252 1468 4508">
     <span class='ocr_line' id='line_1_26' title="bbox 260 3252 1467 3348; baseline -0.005 -22"><span class='ocrx_word' id='word_1_199' title='bbox 260 3255 352 3326; x_wconf 87' lang='lat' dir='ltr'>llaec</span> <span class='ocrx_word' id='word_1_200' title='bbox 377 3277 481 3347; x_wconf 91' lang='lat' dir='ltr'>porro</span> <span class='ocrx_word' id='word_1_201' title='bbox 506 3269 559 3326; x_wconf 90' lang='lat' dir='ltr'>est</span> <span class='ocrx_word' id='word_1_202' title='bbox 584 3255 733 3326; x_wconf 89' lang='lat' dir='ltr'>indicata</span> <span class='ocrx_word' id='word_1_203' title='bbox 757 3255 943 3332; x_wconf 76' lang='lat' dir='ltr'>declaratio</span> <span class='ocrx_word' id='word_1_204' title='bbox 983 3256 1068 3348; x_wconf 92' lang='lat' dir='ltr'>ipsis</span> <span class='ocrx_word' id='word_1_205' title='bbox 1086 3254 1200 3325; x_wconf 85' lang='lat' dir='ltr'>verbis</span> <span class='ocrx_word' id='word_1_206' title='bbox 1223 3253 1350 3345; x_wconf 92' lang='lat' dir='ltr'>quibus</span> <span class='ocrx_word' id='word_1_207' title='bbox 1366 3255 1401 3322; x_wconf 93' lang='lat' dir='ltr'>in</span> <span class='ocrx_word' id='word_1_208' title='bbox 1419 3252 1467 3323; x_wconf 90' lang='lat' dir='ltr'>ci-</span> 
     </span>
     <span class='ocr_line' id='line_1_27' title="bbox 192 3358 1468 3453; baseline -0.002 -24"><span class='ocrx_word' id='word_1_209' title='bbox 192 3373 263 3430; x_wconf 87' lang='lat' dir='ltr'>tata</span> <span class='ocrx_word' id='word_1_210' title='bbox 289 3358 504 3432; x_wconf 71' lang='lat' dir='ltr'>cameracen.</span> <span class='ocrx_word' id='word_1_211' title='bbox 525 3361 706 3453; x_wconf 86' lang='lat' dir='ltr'>reperitur..</span> <span class='ocrx_word' id='word_1_212' title='bbox 725 3359 801 3431; x_wconf 78' lang='grc'>1110</span> <span class='ocrx_word' id='word_1_213' title='bbox 819 3361 991 3432; x_wconf 88' lang='lat' dir='ltr'>adiunctis</span> <span class='ocrx_word' id='word_1_214' title='bbox 1016 3360 1263 3453; x_wconf 84' lang='lat' dir='ltr'>Amplitudinis</span> <span class='ocrx_word' id='word_1_215' title='bbox 1288 3371 1368 3429; x_wconf 90' lang='lat' dir='ltr'>tuae</span> <span class='ocrx_word' id='word_1_216' title='bbox 1392 3380 1468 3451; x_wconf 88' lang='lat' dir='ltr'>pre·</span> 
     </span>
     <span class='ocr_line' id='line_1_28' title="bbox 194 3463 1468 3558; baseline 0.002 -26"><span class='ocrx_word' id='word_1_217' title='bbox 194 3493 209 3532; x_wconf 76' lang='lat' dir='ltr'>a</span> <span class='ocrx_word' id='word_1_218' title='bbox 231 3466 328 3537; x_wconf 89' lang='lat' dir='ltr'>cibus</span> <span class='ocrx_word' id='word_1_219' title='bbox 353 3488 433 3536; x_wconf 90' lang='lat' dir='ltr'>cum</span> <span class='ocrx_word' id='word_1_220' title='bbox 450 3467 493 3536; x_wconf 89' lang='lat' dir='ltr'>ad</span> <span class='ocrx_word' id='word_1_221' title='bbox 510 3465 657 3537; x_wconf 81' lang='grc'>8811111111</span> <span class='ocrx_word' id='word_1_222' title='bbox 682 3466 867 3537; x_wconf 88' lang='lat' dir='ltr'>Dominum</span> <span class='ocrx_word' id='word_1_223' title='bbox 893 3465 1056 3537; x_wconf 88' lang='lat' dir='ltr'>Nostrum</span> <span class='ocrx_word' id='word_1_224' title='bbox 1082 3467 1229 3537; x_wconf 86' lang='lat' dir='ltr'>relatum</span> <span class='ocrx_word' id='word_1_225' title='bbox 1255 3465 1378 3547; x_wconf 84' lang='lat' dir='ltr'>luerit,</span> <span class='ocrx_word' id='word_1_226' title='bbox 1397 3463 1468 3558; x_wconf 88' lang='lat' dir='ltr'>pla·</span> 
     </span>
     <span class='ocr_line' id='line_1_29' title="bbox 194 3571 1467 3664; baseline 0.001 -26"><span class='ocrx_word' id='word_1_227' title='bbox 194 3573 303 3643; x_wconf 78' lang='lat' dir='ltr'>»cuit</span> <span class='ocrx_word' id='word_1_228' title='bbox 329 3572 439 3643; x_wconf 88' lang='lat' dir='ltr'>cidem</span> <span class='ocrx_word' id='word_1_229' title='bbox 458 3571 642 3644; x_wconf 89' lang='lat' dir='ltr'>Sanctitati</span> <span class='ocrx_word' id='word_1_230' title='bbox 666 3594 771 3654; x_wconf 90' lang='lat' dir='ltr'>suae,</span> <span class='ocrx_word' id='word_1_231' title='bbox 797 3573 917 3643; x_wconf 88' lang='lat' dir='ltr'>cadem</span> <span class='ocrx_word' id='word_1_232' title='bbox 942 3585 978 3643; x_wconf 88' lang='lat' dir='ltr'>et</span> <span class='ocrx_word' id='word_1_233' title='bbox 1002 3572 1065 3642; x_wconf 93' lang='lat' dir='ltr'>tibi</span> <span class='ocrx_word' id='word_1_234' title='bbox 1091 3572 1172 3642; x_wconf 89' lang='lat' dir='ltr'>dare</span> <span class='ocrx_word' id='word_1_235' title='bbox 1199 3593 1359 3664; x_wconf 86' lang='lat' dir='ltr'>responsa</span> <span class='ocrx_word' id='word_1_236' title='bbox 1376 3592 1467 3662; x_wconf 88' lang='lat' dir='ltr'>quae</span> 
     </span>
     <span class='ocr_line' id='line_1_30' title="bbox 193 3674 1465 3769; baseline -0.002 -26"><span class='ocrx_word' id='word_1_237' title='bbox 193 3677 272 3746; x_wconf 72' lang='lat' dir='ltr'>aad</span> <span class='ocrx_word' id='word_1_238' title='bbox 297 3677 383 3747; x_wconf 90' lang='lat' dir='ltr'>alios</span> <span class='ocrx_word' id='word_1_239' title='bbox 407 3698 545 3769; x_wconf 90' lang='lat' dir='ltr'>quoque</span> <span class='ocrx_word' id='word_1_240' title='bbox 571 3677 774 3757; x_wconf 84' lang='lat' dir='ltr'>Antistitcs,</span> <span class='ocrx_word' id='word_1_241' title='bbox 796 3699 859 3769; x_wconf 91' lang='lat' dir='ltr'>per</span> <span class='ocrx_word' id='word_1_242' title='bbox 883 3677 971 3748; x_wconf 89' lang='lat' dir='ltr'>hauc</span> <span class='ocrx_word' id='word_1_243' title='bbox 994 3677 1133 3747; x_wconf 87' lang='lat' dir='ltr'>Sacram</span> <span class='ocrx_word' id='word_1_244' title='bbox 1155 3674 1465 3768; x_wconf 74' lang='lat' dir='ltr'>Congregationcm</span> 
     </span>
     <span class='ocr_line' id='line_1_31' title="bbox 194 3780 1467 3854; baseline 0.003 -8"><span class='ocrx_word' id='word_1_245' title='bbox 194 3809 210 3846; x_wconf 75' lang='lat' dir='ltr'>s</span> <span class='ocrx_word' id='word_1_246' title='bbox 230 3781 374 3854; x_wconf 83' lang='lat' dir='ltr'>Consilii</span> <span class='ocrx_word' id='word_1_247' title='bbox 400 3783 600 3853; x_wconf 89' lang='lat' dir='ltr'>transmissa</span> <span class='ocrx_word' id='word_1_248' title='bbox 626 3796 719 3852; x_wconf 89' lang='lat' dir='ltr'>sunt.</span> <span class='ocrx_word' id='word_1_249' title='bbox 746 3782 1007 3854; x_wconf 91' lang='lat' dir='ltr'>Ordiuariorum</span> <span class='ocrx_word' id='word_1_250' title='bbox 1032 3783 1166 3853; x_wconf 88' lang='lat' dir='ltr'>scilicet</span> <span class='ocrx_word' id='word_1_251' title='bbox 1190 3805 1266 3854; x_wconf 88' lang='lat' dir='ltr'>esse</span> <span class='ocrx_word' id='word_1_252' title='bbox 1290 3780 1332 3852; x_wconf 89' lang='lat' dir='ltr'>de</span> <span class='ocrx_word' id='word_1_253' title='bbox 1358 3804 1395 3852; x_wconf 90' lang='lat' dir='ltr'>re</span> <span class='ocrx_word' id='word_1_254' title='bbox 1412 3803 1467 3851; x_wconf 87' lang='lat' dir='ltr'>co·</span> 
     </span>
     <span class='ocr_line' id='line_1_32' title="bbox 196 3885 1467 3981; baseline 0.001 -27"><span class='ocrx_word' id='word_1_255' title='bbox 196 3916 210 3954; x_wconf 78' lang='grc'>1</span> <span class='ocrx_word' id='word_1_256' title='bbox 230 3910 394 3980; x_wconf 77' lang='lat' dir='ltr'>gnoscere</span> <span class='ocrx_word' id='word_1_257' title='bbox 418 3900 454 3960; x_wconf 89' lang='lat' dir='ltr'>et</span> <span class='ocrx_word' id='word_1_258' title='bbox 478 3888 712 3981; x_wconf 80' lang='lat' dir='ltr'>perpendere,</span> <span class='ocrx_word' id='word_1_259' title='bbox 740 3910 823 3958; x_wconf 92' lang='lat' dir='ltr'>num</span> <span class='ocrx_word' id='word_1_260' title='bbox 846 3911 966 3958; x_wconf 86' lang='lat' dir='ltr'>revera</span> <span class='ocrx_word' id='word_1_261' title='bbox 993 3888 1180 3959; x_wconf 85' lang='lat' dir='ltr'>necessitas</span> <span class='ocrx_word' id='word_1_262' title='bbox 1205 3900 1325 3978; x_wconf 83' lang='lat' dir='ltr'>urgeat</span> <span class='ocrx_word' id='word_1_263' title='bbox 1351 3899 1389 3956; x_wconf 91' lang='lat' dir='ltr'>ut</span> <span class='ocrx_word' id='word_1_264' title='bbox 1406 3885 1467 3956; x_wconf 88' lang='lat' dir='ltr'>Sa·</span> 
     </span>
     <span class='ocr_line' id='line_1_33' title="bbox 194 3991 1467 4085; baseline 0 -25"><span class='ocrx_word' id='word_1_265' title='bbox 194 4019 210 4060; x_wconf 80' lang='lat' dir='ltr'>n</span> <span class='ocrx_word' id='word_1_266' title='bbox 230 3993 350 4066; x_wconf 89' lang='lat' dir='ltr'>cerdos</span> <span class='ocrx_word' id='word_1_267' title='bbox 364 3993 451 4064; x_wconf 91' lang='lat' dir='ltr'>duas</span> <span class='ocrx_word' id='word_1_268' title='bbox 468 3994 588 4064; x_wconf 85' lang='lat' dir='ltr'>Missas</span> <span class='ocrx_word' id='word_1_269' title='bbox 611 3992 786 4066; x_wconf 90' lang='lat' dir='ltr'>celebrare</span> <span class='ocrx_word' id='word_1_270' title='bbox 811 4005 975 4085; x_wconf 78' lang='lat' dir='ltr'>cogatur,</span> <span class='ocrx_word' id='word_1_271' title='bbox 995 4015 1058 4063; x_wconf 89' lang='lat' dir='ltr'>nec</span> <span class='ocrx_word' id='word_1_272' title='bbox 1075 3991 1177 4064; x_wconf 89' lang='lat' dir='ltr'>aliter</span> <span class='ocrx_word' id='word_1_273' title='bbox 1196 3992 1364 4064; x_wconf 91' lang='lat' dir='ltr'>utendum</span> <span class='ocrx_word' id='word_1_274' title='bbox 1385 4014 1467 4061; x_wconf 89' lang='lat' dir='ltr'>con·</span> 
     </span>
     <span class='ocr_line' id='line_1_34' title="bbox 194 4097 1464 4192; baseline 0 -26"><span class='ocrx_word' id='word_1_275' title='bbox 194 4128 210 4166; x_wconf 73' lang='lat' dir='ltr'>a</span> <span class='ocrx_word' id='word_1_276' title='bbox 231 4123 326 4172; x_wconf 90' lang='lat' dir='ltr'>cessa</span> <span class='ocrx_word' id='word_1_277' title='bbox 335 4100 399 4172; x_wconf 88' lang='lat' dir='ltr'>hac</span> <span class='ocrx_word' id='word_1_278' title='bbox 412 4101 607 4181; x_wconf 85' lang='lat' dir='ltr'>iteratione,</span> <span class='ocrx_word' id='word_1_279' title='bbox 619 4121 724 4192; x_wconf 91' lang='lat' dir='ltr'>quam</span> <span class='ocrx_word' id='word_1_280' title='bbox 737 4100 835 4170; x_wconf 80' lang='lat' dir='ltr'>iuxta</span> <span class='ocrx_word' id='word_1_281' title='bbox 848 4099 1064 4170; x_wconf 90' lang='lat' dir='ltr'>conditiones</span> <span class='ocrx_word' id='word_1_282' title='bbox 1075 4097 1119 4168; x_wconf 92' lang='lat' dir='ltr'>ab</span> <span class='ocrx_word' id='word_1_283' title='bbox 1132 4098 1216 4190; x_wconf 92' lang='lat' dir='ltr'>ipsis</span> <span class='ocrx_word' id='word_1_284' title='bbox 1228 4098 1464 4190; x_wconf 87' lang='lat' dir='ltr'>apponendas,</span> 
     </span>
     <span class='ocr_line' id='line_1_35' title="bbox 195 4202 1468 4298; baseline -0.001 -25"><span class='ocrx_word' id='word_1_285' title='bbox 195 4232 210 4272; x_wconf 79' lang='lat' dir='ltr'>a</span> <span class='ocrx_word' id='word_1_286' title='bbox 230 4206 347 4277; x_wconf 85' lang='lat' dir='ltr'>habita</span> <span class='ocrx_word' id='word_1_287' title='bbox 375 4204 529 4278; x_wconf 90' lang='lat' dir='ltr'>locorum</span> <span class='ocrx_word' id='word_1_288' title='bbox 549 4206 757 4298; x_wconf 91' lang='lat' dir='ltr'>populorum</span> <span class='ocrx_word' id='word_1_289' title='bbox 780 4216 815 4275; x_wconf 88' lang='lat' dir='ltr'>et</span> <span class='ocrx_word' id='word_1_290' title='bbox 840 4203 1026 4298; x_wconf 88' lang='lat' dir='ltr'>paucitatis</span> <span class='ocrx_word' id='word_1_291' title='bbox 1041 4202 1285 4283; x_wconf 85' lang='lat' dir='ltr'>Sacerdotum,</span> <span class='ocrx_word' id='word_1_292' title='bbox 1315 4227 1355 4272; x_wconf 86' lang='lat' dir='ltr'>uc</span> <span class='ocrx_word' id='word_1_293' title='bbox 1388 4225 1468 4293; x_wconf 88' lang='lat' dir='ltr'>pro-</span> 
     </span>
     <span class='ocr_line' id='line_1_36' title="bbox 195 4307 1465 4401; baseline -0.002 -22"><span class='ocrx_word' id='word_1_294' title='bbox 195 4312 309 4383; x_wconf 73' lang='lat' dir='ltr'>»iride</span> <span class='ocrx_word' id='word_1_295' title='bbox 333 4335 435 4383; x_wconf 88' lang='lat' dir='ltr'>verae</span> <span class='ocrx_word' id='word_1_296' title='bbox 459 4311 677 4383; x_wconf 87' lang='lat' dir='ltr'>necessitatis</span> <span class='ocrx_word' id='word_1_297' title='bbox 702 4309 834 4381; x_wconf 83' lang='lat' dir='ltr'>ratione</span> <span class='ocrx_word' id='word_1_298' title='bbox 858 4311 901 4381; x_wconf 94' lang='lat' dir='ltr'>de</span> <span class='ocrx_word' id='word_1_299' title='bbox 922 4330 989 4401; x_wconf 92' lang='lat' dir='ltr'>qua</span> <span class='ocrx_word' id='word_1_300' title='bbox 1015 4309 1149 4401; x_wconf 75' lang='lat' dir='ltr'>legatur</span> <span class='ocrx_word' id='word_1_301' title='bbox 1173 4307 1351 4380; x_wconf 91' lang='lat' dir='ltr'>Benedicti</span> <span class='ocrx_word' id='word_1_302' title='bbox 1376 4307 1465 4378; x_wconf 82' lang='lat' dir='ltr'>xtt&#39;.</span> 
     </span>
     <span class='ocr_line' id='line_1_37' title="bbox 194 4413 1465 4508; baseline -0.005 -20"><span class='ocrx_word' id='word_1_303' title='bbox 194 4417 445 4488; x_wconf 73' lang='lat' dir='ltr'>»ilonstitutio</span> <span class='ocrx_word' id='word_1_304' title='bbox 468 4414 670 4487; x_wconf 87' lang='lat' dir='ltr'>Declarasti.</span> <span class='ocrx_word' id='word_1_305' title='bbox 699 4415 742 4486; x_wconf 87' lang='lat' dir='ltr'>ad</span> <span class='ocrx_word' id='word_1_306' title='bbox 773 4414 983 4508; x_wconf 90' lang='lat' dir='ltr'>Episcopum</span> <span class='ocrx_word' id='word_1_307' title='bbox 1009 4413 1197 4486; x_wconf 89' lang='lat' dir='ltr'>Oscensem</span> <span class='ocrx_word' id='word_1_308' title='bbox 1224 4415 1307 4483; x_wconf 86' lang='lat' dir='ltr'>anni</span> <span class='ocrx_word' id='word_1_309' title='bbox 1348 4416 1465 4496; x_wconf 80' lang='grc'>1716,</span> 
     </span>
    </p>
   </div>
   <div class='ocr_carea' id='block_1_6' title="bbox 0 0 1628 5004">
    <p class='ocr_par' dir='ltr' id='par_1_11' title="bbox 0 0 1628 5004">
     <span class='ocr_line' id='line_1_38' title="bbox 0 0 1628 5004; baseline 0 0"><span class='ocrx_word' id='word_1_310' title='bbox 0 0 1628 5004; x_wconf 95' lang='lat' dir='ltr'> </span> 
     </span>
    </p>
   </div>
  </div>
 </body>
</html>
