3248 5004
175 423 223 492 tt
601 439 808 489 tarantarum
826 441 1027 488 sumsimus.

174 543 262 617 certi
285 545 474 618 cruebatur
494 545 539 616 de
564 545 752 615 contractis
776 545 994 637 sponsalibus
1021 543 1074 615 vel
1098 542 1140 615 de
1165 541 1372 614 commercio
1391 539 1452 610 ha·

173 651 271 736 bito;
295 673 401 743 super
424 673 493 743 quo
519 661 628 721 testes
653 649 890 741 plenissimam
917 651 1146 742 ignorantiam
1178 648 1388 719 fatebantur.

245 756 319 827 lmo
335 755 521 826 nonnullae
538 755 680 826 aderant
696 754 818 825 borum
837 757 978 826 testium
995 755 1249 848 depositiones,
1263 775 1348 845 quae
1365 752 1448 823 dum

173 863 392 936 honestatem
417 861 500 932 Titii
523 859 826 942 commendarent,
846 873 1043 953 suspectam
1068 863 1222 954 apprime
1240 861 1330 930 vitae
1348 861 1452 930 ratio-

173 991 255 1040 nem
280 966 387 1039 Gaiae
398 966 618 1058 detegebant.
645 966 796 1036 Aderant
822 967 962 1058 insuper
990 979 1096 1039 testes
1116 989 1206 1059 quae
1230 965 1448 1058 deponebant

173 1073 346 1146 audivisse
367 1095 411 1144 ex
430 1094 490 1144 ore
512 1071 632 1155 Caiae,
650 1095 687 1142 se
705 1071 810 1141 alium
835 1072 948 1142 virum
975 1095 1157 1166 quaerere,
1177 1084 1217 1141 ut
1246 1071 1348 1142 eitius
1368 1095 1449 1141 eum

175 1178 288 1249 Titius
308 1177 448 1271 nuptias
472 1177 589 1247 iniret.

244 1283 379 1355 ludueti
404 1305 487 1355 vero
511 1294 619 1354 testes
644 1283 821 1354 iudiciales
846 1283 889 1354 ab
914 1284 1033 1356 eadem
1058 1283 1152 1366 Gaia,
1171 1283 1292 1356 eadem
1309 1284 1380 1356 lore
1399 1297 1448 1355 tc-

173 1390 355 1461 stabantur
380 1410 468 1480 quae
493 1387 728 1480 deposuerunt
753 1400 861 1460 testes
884 1387 988 1471 Titii,
1006 1411 1132 1481 nempe
1156 1412 1310 1462 amorem
1335 1390 1452 1459 inter--

173 1495 319 1568 cessisse
343 1495 435 1566 inter
459 1516 520 1566 eos
558 1503 594 1563 et
619 1493 731 1563 virum
748 1491 790 1562 ad
808 1493 964 1565 mulieris
979 1495 1121 1565 domum
1136 1496 1342 1576 accessisse,
1362 1494 1448 1564 nihil

175 1612 290 1673 tamen
316 1599 359 1670 de
383 1599 602 1670 commercio.
622 1598 745 1670 Testes
762 1621 842 1670 vero
859 1600 1151 1682 extmiudieiales‚
1169 1625 1257 1694 quos
1275 1624 1375 1693 supra
1399 1603 1454 1670 in-

173 1707 327 1787 nuimus,
346 1705 461 1776 studio
478 1703 635 1776 mulieris
651 1726 766 1774 eoram
785 1704 984 1778 Tabcllione
1003 1707 1151 1790 inducti,
1166 1706 1374 1778 unanimiter
1391 1707 1447 1777 de·

173 1811 350 1904 ponebant
376 1810 508 1880 Titium
536 1832 612 1881 esse
636 1823 812 1882 auctorem
837 1813 1080 1904 praegnantiae
1106 1813 1274 1885 mulieris.
1298 1811 1388 1884 Haec
1405 1835 1448 1883 ex

173 1919 273 2092 pictps.
298 1914 463 2002 Quaestio
490 1915 608 2007 itaque
640 1918 817 2008 proposita
843 1917 908 1986 luit
940 1916 977 1988 S.
1003 1917 1043 1987 C.
1069 1917 1109 1989 C.
1137 1919 1201 1988 sub
1230 1918 1452 2010 infrascripto

199 2048 220 2093 u
249 2045 294 2093 ro.

572 2165 815 2233 ntnepsntt·
834 2171 1049 2235 synopsin„

245 2364 444 2434 Atcnnnurt
470 2385 529 2434 ruo
554 2385 731 2434 exastuans
755 2388 954 2436 srousatruu.
971 2365 1102 2439 Favore
1120 2365 1275 2437 mulieris
1292 2362 1449 2436 observa·

176 2467 281 2540 batur
303 2490 349 2540 ee
371 2467 496 2562 officio,
520 2468 770 2540 consessionem
798 2471 908 2562 ipsam
934 2471 1019 2540 Titii
1044 2473 1128 2541 satis
1152 2493 1228 2544 esse
1250 2471 1283 2541 iu
1309 2491 1391 2541 casu
1407 2470 1454 2538 ad

175 2574 386 2668 sponsalium
395 2575 652 2669 promissionem
665 2575 923 2658 sustinendam,
941 2577 1231 2670 repromissionem
1248 2599 1330 2648 vero
1347 2573 1453 2644 Caiac

175 2703 245 2753 non
269 2681 445 2753 immerito
469 2679 680 2772 arguendam
697 2703 773 2752 esse
795 2704 837 2752 ex
856 2680 948 2751 laeto
973 2681 1220 2763 deflorationis,
1239 2703 1342 2773 quam
1368 2679 1449 2751 Caia

175 2809 277 2882 passa
300 2801 367 2860 est.
405 2787 556 2858 tascius
579 2785 620 2856 de
645 2783 764 2880 Speos.
783 2801 847 2856 vot.
869 2789 888 2855 7
911 2789 942 2879 3.
964 2789 1053 2858 llota
1074 2789 1110 2857 ia
1131 2787 1279 2857 Toletan.
1299 2785 1448 2857 Matrini.

175 2915 289 2964 coram
311 2889 499 2989 Seropltiao
517 2915 553 2962 n.
580 2895 614 2961 9.
640 2892 676 2963 S.
696 2891 736 2961 C.
754 2891 794 2963 C.
813 2893 850 2962 iu
879 2889 1044 2986 ligentiac
1067 2891 1271 2988 sponsalium
1290 2896 1334 2962 26
1357 2895 1449 2986 epti-

175 2995 219 3068 lis
239 2999 343 3070 1853.

246 3099 405 3174 Conditio
433 3115 551 3175 autem
575 3125 679 3199 quam
711 3104 764 3172 vir
790 3104 1009 3196 sponsalibus
1040 3105 1228 3198 apposuit,
1262 3103 1448 3174 ducturum

174 3230 300 3302 nempe
323 3231 360 3280 se
383 3207 503 3280 Gaiam
527 3209 715 3282 dummodo
738 3211 824 3282 haee
840 3233 878 3281 se
893 3212 1075 3282 honestam
1100 3224 1286 3297 servasset,
1305 3210 1449 3302 impleta

174 3314 368 3388 videbatur.
394 3314 536 3407 Septem
560 3319 653 3388 enim
678 3331 807 3400 testes,
832 3318 915 3390 licet
938 3317 1229 3401 extraiudiciales,
1256 3318 1451 3389 declarave-

174 3434 265 3491 rant:
279 3419 398 3492 Cuiam
415 3444 591 3516 nunquam
609 3426 823 3496 occasionem
842 3425 1072 3517 dedisseque
1089 3423 1211 3517 vulgus
1238 3425 1281 3495 de
1295 3422 1452 3495 eiusdem

173 3527 382 3600 commercio
404 3550 484 3600 eum
509 3528 586 3599 aliis
610 3529 693 3600 viris
717 3529 836 3600 habito
881 3530 1095 3622 loqueretur.

245 3631 364 3725 Neque
389 3633 463 3726 ipsa
487 3637 767 3728 consanguinitas
799 3636 936 3708 mulieri
969 3658 1092 3708 nocere
1125 3660 1227 3730 posse
1256 3635 1451 3720 dicebatur,

173 3759 255 3810 cum
278 3737 320 3810 do
344 3739 595 3831 impedimento
619 3753 754 3834 agatur,
773 3764 877 3834 super
896 3764 965 3834 quo
983 3743 1055 3812 llll.
1075 3743 1273 3824 Pontifices,
1292 3743 1382 3813 iusta
1400 3743 1452 3812 in-

173 3844 374 3917 tercedente
397 3868 514 3929 causa,
540 3847 740 3940 dispensare
765 3847 897 3930 solent3
916 3849 1119 3941 praesertim
1141 3873 1220 3920 eum
1242 3850 1356 3920 Titius
1373 3872 1450 3942 pro-

173 3950 315 4022 miserat
335 3949 439 4022 Caiae
456 3951 545 4024 velle
570 3975 607 4025 se
631 3954 720 4024 hane
744 3953 1038 4047 dispensationem
1057 3977 1076 4025 a
1092 3955 1128 4025 S.
1143 3955 1230 4028 Sede
1250 3957 1448 4048 impetrare.

173 4052 287 4141 Quare
311 4055 410 4127 iuxta
433 4056 586 4150 plurium
612 4057 866 4152 Theologorum
891 4073 927 4131 et
950 4059 1216 4131 Canonistarum
1241 4060 1450 4133 sententiam

173 4159 423 4232 observabatur
446 4163 570 4234 saltem
593 4163 828 4236 conditionate
843 4166 985 4246 ‚Titium
1010 4165 1200 4258 obligatum
1222 4168 1391 4247 existere,
1415 4180 1451 4237 et

173 4264 217 4335 ad
240 4265 473 4338 conditionem
498 4268 609 4360 ipsam
649 4292 714 4362 ope
738 4272 1006 4365 dispensationis
1049 4272 1303 4365 adimplendam
1325 4275 1449 4344 teneri.

174 4369 284 4462 Engel
308 4371 345 4440 itt
373 4372 427 4442 itis
455 4371 584 4445 Canon.
609 4372 668 4444 lib.
693 4381 714 4446 l
740 4377 792 4446 tit.
821 4381 840 4446 9
865 4401 959 4447 natm.
983 4382 1002 4448 o
1029 4377 1201 4472 Pirrhing.
1224 4379 1307 4450 ibid.
1330 4403 1365 4449 n.
1391 4383 1451 4448 27.

173 4475 459 4551 Baiocassina.
480 4504 515 4552 n.
536 4484 593 4552 28.

259 4611 340 4626 ffl-
