3248 5004
172 349 219 418 58
699 374 846 424 sorssors
871 375 904 422 u.

174 501 190 528 ·
206 475 322 554 fugium
346 476 452 540 babuit
474 479 512 542 sd
537 481 567 542 S.
587 481 701 560 Congu.
724 500 783 562 pro
838 483 1076 541 -eebrttneonlur
1100 482 1132 538 tn
1157 493 1264 536 soso.-
1289 473 1319 532 s.
1336 470 1372 532 G.
1391 487 1443 530 re·

174 605 191 632 ο
207 581 640 658 opportunoebsolutione,ul
650 585 783 663 coniugii
833 577 969 658 spondit:
985 576 1024 637 ad
1039 568 1442 637 l.nonobstere.1tdll.erse

175 707 189 732 ·
205 679 315 742 locdus
336 681 414 744 inire
433 690 536 762 posset
549 701 617 746 cum
632 683 714 747 dicte
728 703 784 766 pu·
830 679 1033 742 adroloeodurn
1052 677 1092 734 od
1111 674 1262 733 cautelam.

173 780 277 857 ·ella‚
302 788 332 843 et
357 785 418 844 EE.
446 785 559 848 Vestris
587 786 703 866 placuit
734 805 782 850 re·
895 777 1041 855 Quemvis
1067 795 1101 838 ex
1133 774 1318 837 resolutione
1348 768 1442 850 primi

172 907 189 933 ο
203 880 334 944 scribere
355 884 525 964 Episcopo,
546 892 581 947 ut
603 887 782 966 procederet
833 881 917 943 dubii
931 879 1005 942 nihil
1025 880 1121 958 possit
1136 877 1212 949 erui,
1226 870 1360 953 quodad
1375 887 1439 931 rem

177 1007 192 1034 ι
208 988 300 1061 prout
326 982 364 1045 de
388 985 454 1046 iore
478 985 516 1048 ad
544 985 781 1050 deolnrotioocm
832 990 967 1045 nostrum
982 979 1073 1042 locist
1087 971 1438 1052 (constitutnenimiuo

173 1108 189 1133 ·
204 1085 354 1161 preetensi
364 1085 568 1165 impedimenti
579 1089 781 1166 raptus.llinc
832 1091 879 1146 ret
904 1083 1012 1144 mulier
1034 1080 1116 1161 epod
1144 1080 1297 1140 honestam
1319 1079 1438 1134 nuntro-

171 1208 188 1236 ·
204 1186 385 1264 oretoripse
399 1187 781 1253 coramiudiceseconsti-
832 1203 920 1264 narn,
943 1191 978 1246 ut
998 1180 1175 1244 omnimodo
1196 1178 1334 1240 libertote
1365 1191 1438 1252 per·

171 1285 274 1361 oluit,
289 1303 325 1347 ao
338 1289 466 1365 ingenue
488 1285 779 1367 iussosluitrnptum
830 1287 1007 1360 frueretur,
1043 1285 1177 1363 ideoque
1212 1297 1272 1342 non
1307 1276 1439 1356 amplius

170 1388 388 1448 *commisisse
405 1391 627 1464 consentiente,
643 1393 717 1470 quin
735 1398 780 1454 et·
831 1388 952 1451 obstare
988 1392 1107 1467 poterut
1137 1392 1240 1466 rnptus
1267 1380 1305 1443 od
1335 1378 1439 1439 matri·

170 1512 187 1538 ο
202 1488 277 1559 inm,
302 1497 494 1568 proponente
518 1493 627 1570 puella,
653 1510 717 1572 quo
738 1493 778 1554 li·
831 1491 965 1553 monium
987 1487 1230 1551 contrabendum
1253 1487 1276 1545 si
1299 1481 1438 1544 lormslis

171 1613 187 1636 υ
202 1585 273 1648 bere
283 1595 459 1668 exoptatum
469 1593 780 1655 matrimoniumcon-
832 1601 936 1672 reptos
957 1590 1173 1664 interfuisset);
1198 1595 1294 1650 tomen
1319 1587 1434 1665 eliquid

169 1713 185 1740 ο
200 1688 321 1750 trnlrere
337 1697 471 1769 possent,
490 1692 536 1754 rel
556 1693 659 1756 inritis
680 1696 778 1774 ipsius
830 1694 992 1754 cruiturer
1008 1689 1192 1752 resolutione
1202 1688 1325 1750 secundi
1337 1688 1436 1760 dubii,

169 1813 186 1840 ο
201 1792 779 1874 consanguineis,quitreotatumspon-
830 1796 916 1854 cuius
933 1792 1077 1854 resolutio
1093 1789 1246 1870 pendebat
1258 1788 1438 1869 proeciseelr

171 1915 185 1942 ι
200 1889 307 1953 salium
329 1901 503 1957 constanter
524 1897 683 1958 eiecerunt.
700 1898 779 1959 Sub·
830 1893 933 1956 iudolc
949 1902 1065 1974 raptus.
1080 1895 1203 1954 Eruitur
1217 1893 1331 1953 scilicet
1351 1894 1381 1952 S.
1400 1893 1434 1951 C.

167 1993 270 2054 ·inde
300 1995 381 2074 apud
416 1996 575 2059 honestem
607 2005 777 2061 matronam
830 2013 890 2056 non
906 1999 1055 2057 censuisse
1074 2001 1213 2056 constare
1228 1993 1266 2054 de
1281 2001 1368 2072 raptu
1384 1995 1436 2073 ueri

170 2120 185 2146 υ
203 2096 778 2178 puellocollocutuluit,utomoimodn
829 2098 916 2158 cadet
942 2098 999 2158 snb
1023 2097 1144 2159 decreto
1166 2095 1301 2156 concilii.
1325 2097 1437 2156 i'srncn

168 2222 184 2249 ·
200 2196 341 2260 libertate
361 2201 585 2281 perlrueretur,
611 2221 646 2265 ao
668 2204 778 2264 iureiu-
829 2203 864 2259 ut
888 2198 1049 2276 quodlibet
1070 2196 1195 2260 dubium
1214 2204 1436 2270 removeretur,

169 2325 182 2352 ι
200 2298 298 2359 raudo
314 2302 517 2379 interrogate,
534 2301 679 2383 deposuit
692 2304 781 2384 quod.
829 2300 909 2360 circa
922 2301 1231 2362 excomunicationem
1245 2297 1367 2377 publice
1379 2299 1436 2361 de-

167 2425 184 2450 ·
201 2417 311 2462 uesano
336 2419 439 2464 amore
465 2405 597 2482 percita,
623 2411 777 2467 oratorem
828 2399 972 2461 olsrntem
993 2401 1161 2476 incursum,
1182 2398 1354 2478 respondit:
1379 2419 1439 2462 esre

167 2526 184 2553 ι
199 2500 318 2563 induxit
346 2510 380 2565 ut
406 2505 533 2583 seipsam
562 2504 747 2568 subduceret
765 2551 774 2580 ,
827 2503 1027 2562 atsatoenunm
1044 2504 1083 2561 od
1098 2503 1249 2562 eorrtelnm.

168 2629 184 2655 a
201 2601 391 2683 proindeque
413 2605 584 2668 nullatenus
603 2608 704 2686 rupini
725 2627 774 2670 re·
892 2604 927 2664 ln
946 2619 1006 2683 qua
1029 2605 1205 2679 quaestione
1223 2600 1315 2663 hebes
1331 2619 1437 2664 exem·

168 2704 289 2766 ostitit.
307 2704 424 2780 Quibus
440 2723 511 2768 sone
527 2710 706 2788 perspectis,
721 2709 776 2770 Vi·
828 2703 930 2784 plum,
946 2722 1009 2783 quo
1025 2721 1085 2764 nou
1101 2704 1223 2764 videtur
1243 2710 1347 2782 raptus
1367 2721 1437 2765 mu·

168 2831 185 2858 ·
200 2807 298 2867 carius
313 2806 463 2884 generalis
478 2807 633 2871 definitive
652 2808 774 2872 tandem
827 2807 909 2868 lieris
922 2805 1084 2879 committi,
1099 2806 1123 2866 si
1142 2808 1187 2867 sir
1202 2812 1233 2866 et
1249 2805 1357 2866 mulier
1372 2808 1438 2868 siue

167 2932 185 2959 ο
201 2908 428 2986 pronunciavit,
453 2908 570 2970 nullum
592 2911 671 2972 inter
694 2911 776 2972 Roo-
830 2907 904 2970 dolo
920 2907 959 2969 ed
975 2907 1104 2968 invicem
1127 2923 1231 2967 sorore
1254 2906 1434 2986 capiuntur,

170 3032 186 3059 ι
202 3005 293 3068 chum
305 3009 502 3070 etCesoream
514 3010 703 3072 intercedere
716 3013 777 3072 im·
828 3015 860 3070 et
879 3008 987 3070 exinde
1009 3007 1116 3069 mulier
1135 3010 1349 3082 consentiens,
1372 3009 1436 3068 imo

169 3134 186 3161 ο
202 3108 407 3188 pedimentum
419 3115 534 3190 raptus,
546 3127 610 3189 quo
620 3114 779 3174 matrimo·
828 3116 949 3189 ruptum
963 3125 1137 3189 proponens
1149 3107 1337 3186 abducetur,
1350 3125 1384 3168 ex
1397 3125 1436 3169 eo

168 3236 185 3264 ·
202 3212 285 3272 nium
308 3210 465 3290 prohiberi
487 3214 566 3274 iuter
583 3230 636 3274 eos
658 3214 776 3291 velent,
828 3208 1436 3291 qnodtractatusdeincuudomutrimo·

170 3339 186 3366 ο
203 3331 307 3374 serum
330 3316 410 3376 euim
432 3333 506 3377 vero
536 3333 626 3395 super
643 3318 778 3378 censuris
828 3315 892 3388 uio,
915 3330 950 3374 ex
974 3315 1171 3391 oppositione
1192 3317 1351 3389 pereuntum
1374 3327 1436 3371 non

168 3439 184 3468 o
201 3414 369 3477 lulmiuatis
419 3434 488 3476 mor
518 3416 618 3478 dictus
640 3418 778 3479 vicarius
829 3415 986 3494 potuerint
1004 3412 1157 3475 concludi.
1173 3412 1242 3487 Quo
1255 3412 1284 3471 io
1299 3430 1370 3473 casu
1385 3411 1435 3472 di-

168 3541 185 3570 ·
200 3517 400 3580 interlocutus
413 3535 474 3579 non
489 3519 565 3596 luit,
579 3520 687 3581 ilerum
703 3538 776 3582 ora·
828 3514 923 3578 conda
942 3521 988 3576 est
1010 3515 1113 3594 potius
1134 3516 1204 3592 luga
1222 3511 1353 3575 mulieris
1366 3530 1436 3575 cum

170 3645 187 3669 ο
202 3624 253 3679 tor
275 3618 401 3697 supplex
424 3617 512 3680 rediit
533 3619 572 3681 sd
595 3619 671 3681 hunc
692 3622 722 3680 S.
739 3621 773 3682 C.
828 3619 908 3692 uiro,
921 3616 1058 3678 utlibero
1072 3617 1294 3677 matrimonium
1311 3622 1437 3677 contre·

168 3745 184 3770 ι
201 3736 258 3799 pro
274 3719 459 3799 reportnnds
471 3720 674 3783 declaratione
686 3739 777 3802 super
828 3718 923 3794 hant,
947 3734 1040 3797 quom
1064 3723 1179 3796 reptos.

166 3846 184 3872 ο
199 3838 303 3882 esrum
323 3821 567 3902 insubsistentia,
587 3831 778 3904 quapropter
893 3819 995 3882 Altera
1008 3818 1136 3880 hebetur
1149 3818 1262 3879 decisio
1276 3817 1365 3878 huius
1380 3833 1436 3895 gc·

167 3947 184 3973 ·
200 3920 495 3984 exhibito'ectorum
512 3941 679 4002 processu,
701 3941 777 3985 con·
827 3923 909 3984 neris
936 3923 966 3983 io
996 3923 1158 3983 olomucen.
1186 3923 1363 3980 Motmrnonit
1388 3923 1437 3979 die

167 4049 184 4075 ο
199 4021 396 4102 cordotisque
409 4023 488 4085 binis
501 4025 619 4100 dubiis,
639 4033 776 4103 superest
828 4027 869 4084 ‘20
886 4028 1008 4101 Aequore·
1027 4025 1106 4085 1769
1124 4021 1259 4096 (iesous,
1277 4022 1435 4082 etiterum

167 4150 184 4178 ο
199 4123 284 4203 quod
300 4125 601 4206 Ell.llll.snpieuter
611 4124 775 4187 decernere
828 4123 1006 4186 confirmato
1024 4126 1071 4185 die
1097 4126 1133 4185 ll
1157 4126 1258 4184 Martii
1285 4123 1376 4186 1772.
1400 4122 1436 4183 ln

166 4251 185 4277 ο
198 4242 260 4286 nou
283 4231 459 4305 graventur.
478 4227 506 4287 1.
523 4231 568 4287 An
583 4227 672 4286 obstet
688 4245 777 4303 proe-
827 4225 885 4287 hoc
905 4243 994 4288 cause
1006 4223 1153 4303 egebetur
1165 4223 1204 4285 de
1216 4223 1310 4285 nobili
1328 4221 1435 4296 milite,

166 4351 183 4379 ι
198 4335 292 4386 lenem
308 4335 407 4406 ruptus
421 4328 461 4388 od
475 4329 697 4388 contrabendum
713 4347 776 4387 mo·
827 4329 879 4407 qui
898 4333 1049 4388 nocturno
1071 4333 1208 4405 tempore
1226 4327 1326 4404 rapuit
1343 4322 1438 4385 nobi·

166 4451 183 4480 ο
198 4432 360 4490 inmanium
377 4433 407 4489 in
422 4447 501 4489 eoru.
523 4430 563 4490 ll.
582 4438 776 4490 succurreres
827 4427 887 4488 lem
910 4428 1062 4503 puellum,
1082 4427 1258 4508 parentibus
1280 4425 1439 4502 orbatum,
