3248 5004
684 557 962 610 §rotmannum

187 809 244 864 Dte
254 812 286 862 22
299 806 378 862 Febr.
393 809 468 863 rest.
981 803 1053 856 Sem.
1064 803 1096 852 at
1109 798 1144 852 de
1157 795 1249 864 neser.
1264 795 1388 850 ttetrtm.
1400 810 1423 847 c.
1439 801 1463 847 t.

265 1075 551 1154 compendium
578 1072 687 1132 raeci.
713 1061 939 1152 Sempronius
964 1074 999 1131 et
1022 1063 1137 1151 Agnes
1162 1057 1227 1129 etsi
1253 1057 1288 1126 in
1313 1055 1467 1126 secundo

190 1168 500 1260 consanguinitatis
529 1167 637 1258 gradu
662 1167 974 1258 coniungerentur,
999 1165 1065 1236 sihi
1090 1162 1240 1236 invicem
1264 1165 1467 1254 nuptiarum

189 1277 455 1370 promissionem
481 1275 650 1348 dederant
690 1291 725 1350 et
742 1277 888 1371 supplici
907 1275 1023 1347 libello
1064 1273 1304 1367 impedimenti
1328 1271 1467 1363 dispen-

190 1383 360 1454 sationem
381 1404 401 1451 a
420 1379 456 1451 S.
475 1381 565 1454 Sede
589 1384 822 1478 postularunt.
849 1381 939 1453 Cum
957 1381 1173 1474 Episcopalis
1189 1379 1293 1450 Curia
1328 1379 1392 1454 hae
1409 1399 1468 1446 su-

190 1511 309 1583 petre
356 1487 474 1558 literas
498 1488 543 1558 ab
567 1490 689 1564 eadem
713 1490 749 1561 S.
773 1489 861 1560 Sede
886 1488 1094 1581 recepisset,
1113 1486 1326 1579 pontificiam
1351 1483 1468 1575 dispo·

190 1593 354 1663 sitionem
377 1591 413 1659 in
442 1591 486 1660 iis
509 1606 711 1665 contentam
768 1593 924 1666 Paroeho
953 1590 1137 1663 Oratorum
1168 1587 1402 1662 manifestarit
1427 1595 1467 1654 ut

191 1719 270 1768 eam
295 1696 416 1766 iisdem
441 1696 675 1789 patefacerem
700 1721 825 1792 nempe
850 1697 942 1790 quod
962 1696 1163 1768 «Sanctitas
1179 1694 1248 1766 Sua
1265 1692 1470 1764 adhaeserat

194 1802 392 1894 »precibus
419 1825 562 1887 eorum,
590 1805 639 1874 ita
663 1817 779 1875 tamen
805 1815 844 1872 ut
870 1803 973 1874 iidem
998 1801 1160 1874 Oratores
1185 1812 1265 1873 ante
1290 1798 1469 1868 Bullarum

195 1905 487 1999 »expeditionem
512 1920 733 1980 remanerent
756 1930 819 2002 per
841 1929 996 1979 mensem
1021 1908 1170 2001 separati
1203 1905 1309 1976 ethis
1328 1903 1470 1974 aecede-

195 2035 212 2075 ι
234 2023 314 2082 rent
337 2012 380 2081 ad
404 2013 690 2085 sacramentalem
723 2012 1010 2085 confessionem.»
1035 2011 1212 2083 Patefacta
1237 2009 1372 2102 sponsis
1404 2008 1470 2078 hac

190 2111 228 2183 S.
247 2112 347 2186 Sedis
372 2116 569 2199 voluntate,
596 2140 716 2211 reapse
741 2117 899 2209 sequenti
916 2116 971 2187 die
1009 2116 1137 2186 indicta
1159 2115 1329 2208 separatio
1353 2113 1470 2185 locum

192 2216 327 2288 habuit.
356 2220 439 2291 Post
466 2243 595 2313 paucos
620 2235 737 2294 tamen
762 2221 835 2292 dies
882 2221 1106 2314 Sempronius
1130 2242 1228 2291 suam
1254 2218 1470 2291 voluntatem

193 2325 434 2398 immutarisse
467 2325 671 2409 videbatur,
697 2339 734 2397 et
765 2327 877 2397 serius
908 2327 955 2397 ita
987 2327 1144 2398 eamdem
1176 2325 1402 2405 retractavit,
1430 2335 1472 2391 ut

195 2431 294 2501 novis
319 2432 467 2526 inceptis
490 2431 666 2502 amoribus
690 2453 769 2502 eum
794 2429 860 2500 alia
885 2430 1051 2512 muliere,
1071 2429 1309 2523 promissionis
1328 2449 1471 2521 sponsa·

197 2535 279 2604 lium
301 2549 338 2608 et
354 2551 496 2631 paratae
520 2536 787 2630 dispensationis
814 2536 952 2628 penitus
976 2533 1105 2606 oblitus
1129 2534 1317 2606 videretur.

266 2641 356 2712 Dum
382 2641 641 2714 matrimonium
665 2665 744 2714 eum
777 2643 841 2713 hac
873 2641 982 2714 altera
1013 2641 1157 2713 muliere
1189 2640 1372 2712 conciliare
1397 2651 1470 2710 stn-

195 2744 317 2828 deret‚
344 2749 532 2840 praemissa
557 2747 593 2817 in
618 2748 806 2840 parochiali
832 2748 978 2820 eeclesia
1002 2747 1113 2841 prima
1137 2744 1402 2840 publicatione,
1430 2744 1472 2813 il·

196 2849 263 2922 lico
298 2852 391 2945 apud
419 2852 559 2924 Curiam
590 2853 729 2924 obstitit
761 2855 903 2945 Agnes,
936 2851 1147 2947 sponsalium
1181 2850 1470 2944 impedimentum

196 2977 388 3048 opponens.
407 2960 453 3028 tlt
477 2958 682 3052 Sempronio
706 2971 830 3052 agente
856 2981 916 3052 pro
940 2957 1136 3028 huiusmodi
1162 2957 1400 3051 impedimenti
1418 2979 1473 3028 re-

197 3061 378 3144 motione,
405 3061 509 3133 Cnria
533 3062 766 3156 perpendens:
793 3089 808 3130 r
824 3062 916 3156 quod
942 3065 1039 3133 iuxta
1064 3063 1235 3134 saniorem
1260 3062 1472 3134 sententiam

201 3185 217 3227 n
237 3163 420 3236 doctorum
435 3180 471 3240 et
488 3168 691 3260 praesertim
708 3167 810 3239 Card.
828 3168 878 3240 De
898 3167 989 3238 Luca
1006 3167 1138 3263 Discep.
1164 3172 1182 3237 7
1202 3167 1252 3238 tte
1271 3165 1371 3236 Matr.
1395 3191 1430 3236 n.
1450 3174 1470 3236 d

200 3297 218 3332 ι
238 3271 412 3362 sponsalia
436 3285 615 3345 contracta
643 3274 735 3345 inter
763 3273 948 3367 impeditos
976 3273 1021 3344 ob
1051 3273 1386 3366 consanguinitatem
1416 3273 1472 3345 vel

202 3373 469 3462 »affinitatem
496 3379 602 3450 etiam
627 3379 692 3450 suh
717 3380 914 3452 conditione
938 3381 968 3450 st
997 3381 1094 3475 Papo
1125 3378 1367 3474 dispensaverit
1402 3379 1473 3448 sint

201 3509 218 3543 r
239 3480 398 3556 absolute
414 3484 583 3567 invalida,
603 3483 652 3555 ita
670 3496 709 3554 ut
729 3507 797 3554 non
815 3484 973 3556 absolute
990 3484 1236 3566 revalidentur,
1263 3504 1376 3576 neque
1393 3498 1473 3575 post

201 3585 419 3658 »obtentam
449 3591 767 3684 dispensationem,
799 3590 865 3660 nisi
899 3613 1009 3662 novus
1043 3611 1230 3662 consensus
1254 3589 1446 3660 intercedat
1460 3613 1473 3674 ;

200 3721 218 3754 a
239 3692 398 3784 quodque
416 3693 451 3763 in
468 3719 550 3766 casu
567 3696 779 3788 dispensatio
804 3718 872 3765 non
897 3695 1002 3767 luerit
1026 3695 1185 3778 obtenta,
1205 3705 1240 3764 et
1262 3694 1338 3767 ideo
1361 3717 1475 3786 neque

201 3823 218 3862 n
238 3819 428 3869 consensus
445 3814 666 3886 renovatum»
690 3803 779 3872 hane
799 3801 946 3896 protulit
966 3800 1190 3873 sententiam:
1209 3797 1341 3869 nullum
1357 3813 1475 3869 entare

197 3903 236 3970 in
260 3924 338 3972 cusu
357 3903 634 3996 impedimentum
650 3905 836 3999 impediens
851 3928 893 3976 ee
905 3906 1094 4000 praetensis
1109 3902 1328 4000 sponsalibus,
1336 3904 1476 3997 ideoque

197 4019 351 4078 revocato
373 4007 621 4101 impedimento,
646 4009 857 4106 praedictum
881 4007 1150 4104 (Sempronium)
1168 4011 1205 4079 in
1220 4008 1412 4080 omnimode
1433 4005 1476 4077 tt-

197 4110 327 4183 bertcte
343 4135 426 4192 esse,
442 4135 518 4183 enm
533 4117 651 4210 quouis
666 4113 735 4185 elin
750 4115 1003 4184 matrimonium
1016 4113 1247 4184 contrahendi.

271 4215 325 4286 Ab
352 4218 414 4289 hac
431 4220 604 4290 sententia
621 4220 665 4291 ad
681 4218 716 4290 S.
735 4219 860 4291 Sedent
878 4218 1011 4309 Agnete
1028 4217 1244 4311 appellante,
1264 4217 1478 4288 transmissis

198 4318 347 4393 aCuria
380 4322 466 4394 actis
496 4344 701 4415 processus,
736 4324 880 4416 aliisque
912 4322 1123 4405 observatis,
1158 4323 1376 4417 propositum
1410 4321 1477 4394 luit

197 4427 236 4500 S.
255 4426 423 4521 Congreg.
442 4427 586 4500 Concilil
612 4430 757 4501 dubium
781 4430 1053 4525 infrascriptum.
