3248 5004
181 380 221 440 {8
455 398 618 449 urrctrrnr.
638 403 821 447 narnruour
847 405 885 462 rer
909 403 1022 450 carrae
1037 409 1170 460 auarus.

179 496 261 581 ruit,
290 514 332 566 ac
359 501 587 585 expostulavit
612 504 693 588 quid
719 505 782 572 sibi
809 509 978 593 agendum
1006 526 1078 578 esso
1104 519 1252 596 putaret.
1280 509 1369 583 iuris
1394 517 1453 584 itte

179 604 377 687 consultus,
405 607 536 676 nuiinrn
574 610 667 678 atiud
693 610 771 680 hnic
807 613 895 681 maio
931 632 1109 700 superesse
1135 619 1309 704 respoudit
1344 640 1453 689 reme·

179 709 287 794 dium,
314 720 450 797 praeter
476 716 750 800 matrimonium,
777 719 878 787 etad
904 716 1026 787 Titium
1056 711 1193 809 Agnetis
1219 722 1351 794 Patrem
1378 732 1452 814 epi-

177 816 314 884 stoiium
342 819 453 896 misit,
481 838 549 904 quo
574 838 684 889 rerum
719 832 844 892 eventu
871 833 1027 910 narrato,
1056 831 1305 899 matrimonium
1334 851 1449 902 neces·

178 924 305 992 sarium
329 940 403 994 esse
431 927 670 998 concludebat.
697 924 804 999 Titius
829 931 1026 1018 indignatus
1065 952 1239 1022 nunquam
1273 938 1317 1005 ad
1343 939 1450 1006 sitiam

177 1032 332 1115 accessit,
352 1049 463 1116 neque
480 1032 524 1099 ab
543 1050 581 1101 ea
600 1037 704 1121 aspici
723 1037 846 1106 deinde
864 1055 986 1124 passus
1003 1051 1069 1123 est,
1096 1051 1209 1111 tamen
1229 1061 1262 1112 re
1283 1062 1448 1131 perpensa

177 1153 220 1204 ex
244 1153 307 1212 se,
334 1142 367 1204 et
392 1155 433 1206 ex
459 1140 599 1208 atiorum
626 1145 790 1226 consitio,
819 1145 895 1214 iicet
920 1147 1048 1216 invitus
1078 1150 1113 1217 in
1150 1151 1238 1218 ntiae
1277 1153 1452 1219 matrimo-

179 1245 273 1311 nium
299 1261 375 1314 cum
401 1245 599 1331 Sempronio
622 1255 808 1333 cons-eosic
835 1259 869 1321 et
896 1255 1034 1338 quidem
1060 1273 1100 1324 ex
1126 1273 1165 1324 ea
1192 1259 1332 1338 ratione,
1359 1277 1449 1342 quae

178 1350 360 1419 videbatur
386 1358 497 1419 actum
523 1369 597 1420 esse
622 1354 665 1422 de
691 1357 780 1424 iiiiae
806 1376 887 1426 suae
914 1358 1063 1428 fortuna.
1084 1359 1187 1429 Fama
1210 1365 1298 1430 euim
1317 1363 1359 1431 de
1386 1364 1449 1432 hoc

176 1457 266 1524 iacto
293 1457 360 1525 iate
386 1457 509 1526 ditiusa
535 1465 630 1542 erat,
658 1469 691 1530 et
716 1479 817 1548 opera
856 1465 963 1550 ipsius
989 1465 1203 1553 Sempronii,
1231 1470 1277 1536 uti
1317 1487 1444 1538 assere·

176 1561 293 1646 batur,
322 1563 479 1649 publicae
505 1564 741 1650 ephemerides
766 1567 846 1637 iacti
872 1571 1028 1640 notitiam
1054 1573 1272 1662 evulgarunt.

246 1693 380 1765 interea
395 1694 619 1788 Sempronius
634 1720 703 1768 non
721 1697 1022 1790 praetermittebat
1038 1698 1080 1769 ad
1097 1695 1329 1770 Diversorium
1346 1717 1441 1787 prae

178 1800 287 1870 iatum
313 1801 496 1883 accedere,
516 1816 647 1874 etcum
671 1804 866 1876 educatrice
891 1826 1067 1875 sermones
1092 1805 1311 1895 protrahere,
1338 1821 1443 1892 quern

178 1921 293 1977 tamen
319 1909 452 1998 Agnes,
480 1910 532 1978 vel
559 1933 577 1979 a
603 1933 639 1981 se
664 1912 812 2001 reputit,
842 1909 893 1980 vei
921 1909 1057 1980 tandem
1082 1910 1191 1979 invita
1216 1907 1356 1998 recepit.

248 2012 388 2083 Manens
412 2013 529 2105 itaque
554 2015 668 2106 Agnes
693 2017 727 2084 in
753 2039 793 2086 eo
819 2015 957 2108 publico
989 2015 1203 2095 Diversorio,
1230 2036 1273 2083 ex
1296 2035 1364 2102 quo
1390 2009 1446 2078 bie

178 2131 314 2186 tanturn
339 2119 490 2200 exierat,
517 2120 582 2189 sub
607 2121 840 2212 praedominiu
866 2121 1093 2204 educatricis,
1119 2145 1162 2192 ex
1186 2141 1268 2189 eura
1288 2132 1323 2186 et
1348 2137 1444 2184 marn-

176 2225 257 2293 duto
280 2223 492 2317 Sempronii,
510 2239 546 2296 et
563 2227 841 2298 animadvertens
865 2227 930 2296 sibi
957 2227 1196 2297 tantummodo
1221 2244 1359 2293 manere
1377 2220 1445 2290 eie·

176 2331 327 2402 ctionem
356 2333 446 2403 inter
474 2335 721 2406 monasterium
750 2345 786 2406 et
813 2334 1074 2404 matrimonium
1106 2356 1184 2405 eum
1217 2328 1445 2420 Sempronio,

177 2435 242 2506 boe
274 2437 412 2509 tandem
445 2439 629 2530 praetulit,
654 2444 734 2531 quia
759 2439 919 2531 religiosa
951 2441 1131 2510 vocatione
1162 2461 1198 2508 se
1223 2457 1338 2506 carere
1368 2456 1447 2504 sen·

178 2543 300 2614 tiebat.

246 2648 360 2735 Quare
385 2651 546 2722 omuibus
564 2653 713 2743 paratis,
737 2650 876 2723 tandem
893 2651 980 2723 exiit
998 2650 1111 2742 agnes
1126 2650 1169 2721 ad
1188 2645 1446 2720 matrimonium

176 2754 442 2840 celebrandum3
466 2757 557 2848 quod
582 2761 629 2828 ita
655 2759 780 2827 initum
804 2755 890 2838 fuit,
921 2757 997 2849 ipso
1027 2768 1178 2828 testante
1209 2753 1378 2847 parocho,
1407 2765 1447 2820 ut

176 2885 246 2934 non
272 2863 434 2955 nuptiae,
461 2864 521 2936 'sed
546 2867 662 2958 potius
693 2865 795 2935 funus
819 2865 937 2957 peragi
970 2862 1157 2935 rideretur.
1192 2864 1305 2954 Agnes
1337 2860 1448 2928 tristis

175 2980 526 3046 externasseunsensus
543 2971 639 3063 signa
656 2970 850 3064 praestitit,
870 2969 1012 3061 eiusque
1029 2981 1131 3062 pater
1146 2969 1205 3061 qui
1226 2968 1331 3037 tiliam
1349 2985 1447 3033 suam

176 3076 211 3144 in
236 3076 300 3147 hoe
324 3076 431 3146 etiam
459 3088 540 3149 actu
568 3098 679 3169 neque
703 3079 857 3170 aspicere
885 3075 1048 3168 dignatus
1084 3087 1162 3158 est,
1191 3095 1277 3167 pene
1304 3083 1448 3162 stupens

174 3194 292 3253 actum
319 3183 453 3274 ipsum,
479 3205 577 3256 more
600 3183 694 3253 iliius
718 3183 889 3276 regionis,
914 3180 1123 3272 obsignavit.

246 3287 377 3360 Eodem
410 3289 466 3361 die
490 3287 715 3383 Sempronius
743 3290 976 3361 secumierens
1004 3308 1150 3358 uxorem
1178 3286 1347 3376 Agnetem
1375 3281 1445 3351 lon·

175 3397 316 3492 gissima
340 3397 464 3469 itinera
485 3421 666 3491 aggressus
690 3410 770 3483 est3
800 3411 836 3470 et
863 3397 935 3469 iere
953 3396 1081 3488 iugiter
1099 3416 1162 3488 per
1184 3393 1447 3485 quadriennium

174 3529 244 3601 quo
268 3508 372 3578 simui
407 3509 610 3580 habitarunt
637 3509 794 3603 quamvis
826 3507 942 3579 animo
977 3505 1113 3587 aversi,
1148 3515 1189 3575 ut
1219 3501 1449 3578 asserebatur,

175 3616 288 3686 varias
320 3615 523 3708 longinquas
547 3617 704 3710 regiones
727 3623 979 3708 peragrarunt,
1009 3611 1118 3684 donee
1142 3610 1178 3680 in
1213 3607 1362 3702 quedam
1397 3627 1450 3675 re·

175 3723 251 3793 ditn
273 3721 307 3790 in
331 3721 511 3794 civitatem
536 3724 594 3808 Α.,
614 3723 729 3813 Agnes
753 3732 854 3791 nacta
884 3717 1099 3790 occasionem
1131 3737 1200 3807 qua
1229 3715 1450 3805 Sempronius

176 3851 305 3900 norum
330 3828 397 3899 iter
419 3849 642 3918 aggressurus
659 3838 745 3909 erat,
772 3845 909 3918 aegram
925 3846 963 3896 se
980 3821 1161 3914 fingens,a
1181 3823 1253 3891 viro
1276 3815 1451 3935 sequendo

179 3958 214 4006 se
232 3933 376 4017 exemit3
399 3944 435 4004 et
458 3930 563 4002 simul
587 3955 627 4003 ac
650 3931 709 4004 ilie
732 3932 907 4024 digressus
931 3939 997 4013 est,
1024 3927 1067 3999 ad
1090 3941 1224 4021 patrem
1241 3922 1450 4038 convolavit,

177 4039 367 4132 eodemque
380 4037 560 4119 suadente,
580 4037 827 4108 monasterium
841 4036 994 4128 ingressa
1007 4047 1072 4106 est.
1082 4033 1137 4104 Ex
1148 4033 1213 4102 hoe
1222 4025 1346 4101 accidit
1359 4023 1451 4117 quod

176 4145 401 4237 Sempronius
412 4143 599 4237 quaesierit
615 4144 872 4235 obtinueritque
884 4141 1074 4214 divortium
1083 4163 1095 4225 3
1108 4142 1223 4231 Agnes
1235 4136 1375 4258 insuper
1386 4133 1453 4253 boc

178 4252 270 4323 haud
282 4262 460 4334 contenta,
476 4250 605 4321 institit
619 4263 692 4321 tum
706 4249 796 4344 apud
813 4246 968 4330 Curiam,
995 4259 1071 4319 turn
1091 4242 1214 4318 deinde
1238 4239 1328 4333 apud
1341 4241 1378 4308 S.
1393 4242 1452 4356 Se·

177 4359 257 4428 dem
285 4381 348 4449 pro
376 4356 607 4429 declaratione
635 4356 806 4428 nuditatis
832 4354 1056 4427 matrimonii.
1084 4351 1205 4443 itaque
1228 4366 1392 4464 proeesse
1417 4364 1453 4462 m

177 4463 282 4536 Curia
319 4475 459 4551 peracto
491 4462 683 4535 secundum
718 4465 866 4535 sormam
905 4458 1026 4532 Gonst.
1060 4456 1238 4530 Benedicti
1271 4449 1358 4523 titt.
1394 4447 1453 4517 dier
