3282 5008
487 561 532 666 ll
556 562 590 665 8.
608 557 905 663 llllllllllllll
932 554 1152 662 88818888.

730 777 919 794 ψ

705 923 941 978 ἸθιθδΔΝΛ

612 1071 1022 1130 canonizarroms

358 1245 607 1334 BEATAE
640 1242 1015 1334 GERMANAE
1048 1239 1295 1336 COUSIN

642 1448 787 1494 vrnatnrs
813 1447 1007 1494 sarcotenta

425 1601 563 1664 OPPlDI
580 1602 724 1664 nutant
739 1601 969 1664 Totoslnln
988 1601 1223 1666 olorensnos

222 1933 263 1992 la
275 1936 338 1991 tato
350 1930 456 2010 prosali
467 1931 554 2008 noant
566 1929 603 1988 od
614 1929 758 1989 alcoran
770 1929 887 1989 raudera
896 1931 997 1988 nutu
1009 1932 1157 1988 ternanos
1167 1929 1426 1988 canonizationem.

257 2118 433 2190 Dranrruu
464 2156 504 2172 -
526 2116 701 2188 «Summa
718 2115 781 2187 Dei
805 2115 942 2188 bonitas
966 2138 1054 2209 quae
1078 2117 1201 2188 rudem
1225 2115 1324 2187 illum
1350 2114 1462 2186 adolc·

186 2236 345 2295 scentem
369 2221 477 2294 David
500 2222 543 2292 dc
568 2221 729 2314 gregibus
753 2223 871 2292 ovium
895 2220 1109 2304 sustulerat,
1137 2233 1175 2290 ut
1199 2233 1334 2313 regeret
1359 2219 1464 2290 lsrael

187 2329 438 2401 haereditatem
463 2349 561 2399 suam
586 2339 788 2420 teneretque
813 2343 990 2422 sceptrum
1015 2329 1147 2421 regium
1165 2330 1199 2399 in
1217 2328 1320 2400 domo
1344 2327 1465 2408 lacob,

188 2432 310 2503 eadem
343 2445 513 2526 agrestem
537 2433 690 2525 puellam
715 2432 856 2504 Beatam
889 2432 1094 2505 Germanum
1127 2432 1255 2506 Cousin
1280 2434 1323 2505 ab
1347 2433 1466 2505 ovium

188 2537 345 2609 custodia
369 2537 437 2608 sibi
461 2538 671 2630 assumpsit,
697 2557 842 2630 eamque
875 2537 1046 2608 virtutum
1078 2539 1259 2631 splendore
1288 2537 1376 2609 mire
1400 2537 1468 2608 cir-

189 2647 355 2718 cumdans
371 2647 414 2716 ad
431 2645 579 2717 sublime
603 2658 764 2720 aeternae
787 2646 916 2738 gloriae
940 2646 1066 2716 solium
1090 2645 1219 2719 erexit.
1240 2645 1286 2716 Et
1302 2644 1468 2738 quemad·

193 2751 334 2825 modum
359 2751 481 2822 Davidi
506 2753 646 2824 dederat
671 2765 711 2822 ut
735 2753 883 2824 salutem
900 2751 935 2821 in
953 2750 1056 2824 lsrael
1080 2752 1219 2824 afferret
1243 2774 1323 2823 cum
1345 2752 1469 2823 har-ba·

191 2881 269 2930 rum
286 2857 384 2928 illum
399 2859 443 2931 de
461 2869 552 2930 terra
568 2857 719 2942 tolleret,
739 2860 787 2930 ita
805 2872 840 2930 et
856 2857 1046 2931 Germanae
1068 2860 1211 2943 tribuit,
1231 2872 1271 2929 ut
1287 2859 1467 2931 hominum

191 2962 366 3037 aerumnis
389 2985 598 3046 occurrens,
623 2962 666 3033 ah
690 2964 802 3054 aegris
826 2985 946 3034 eorum
970 2964 1174 3056 corporibus
1198 2963 1384 3035 indomitas
1408 2986 1470 3034 ex-

187 3070 336 3162 pelleret
359 3068 592 3140 infirmitates.
610 3069 698 3141 Gom
715 3092 797 3162 ergo
813 3069 927 3143 Sacris
948 3071 1085 3142 tuendis
1110 3071 1249 3142 Ritibus
1273 3071 1468 3165 praeposita

191 3176 419 3270 Gangregatio
434 3175 478 3246 de
494 3177 747 3260 sanationihus,
765 3199 875 3270 quae,
894 3178 999 3251 Beata
1014 3177 1183 3251 Germana
1215 3178 1469 3251 interveniente

191 3295 272 3376 post
296 3281 465 3354 indultam
490 3283 768 3365 venerationem,
795 3308 815 3354 a
839 3284 911 3357 [leo
937 3298 1092 3378 patratae
1123 3283 1342 3366 ferebantur,
1369 3305 1471 3352 acau-

193 3386 407 3458 ratissimum
443 3384 653 3458 instituisset
688 3388 987 3481 experimentum,
1023 3391 1268 3462 Seuerissimus
1300 3390 1471 3461 Dominus

192 3490 319 3564 Noster
333 3491 412 3562 Pras
427 3491 510 3562 Pam
528 3489 571 3560 lX
604 3490 752 3564 llacreto
775 3495 924 3587 septimo
948 3496 1110 3567 kalendas
1135 3496 1247 3566 Martii
1268 3495 1350 3565 anni
1367 3495 1471 3563 huius

193 3599 365 3693 evulgato,
380 3600 547 3682 sancivit,
565 3614 724 3672 constare
740 3602 782 3674 de
799 3602 933 3673 duobus
951 3602 1137 3684 miraculis,
1156 3625 1281 3695 nempe
1297 3602 1340 3672 de
1358 3601 1471 3692 primo

193 3707 425 3776 instantaneae
445 3706 679 3800 perfectaeque
703 3703 888 3776 sanationis
911 3707 1030 3778 Arrace
1055 3704 1183 3778 lllariae
1199 3703 1284 3777 Noel
1300 3729 1322 3775 a
1337 3717 1470 3800 sponta-

194 3835 258 3882 nea
280 3812 417 3906 femoris
440 3810 633 3892 lunaticam
656 3822 691 3883 et
715 3812 758 3882 de
783 3813 890 3884 altero
914 3812 1147 3883 instantaaeae
1167 3814 1401 3908 perfectaeque
1417 3834 1471 3880 sa-

192 3917 341 3987 nationis
363 3915 566 3989 Franciscac
589 3917 679 3988 lluot
702 3917 740 3986 in
764 3919 937 4014 Relipioae
960 3923 1084 3992 sororis
1106 3919 1216 3993 Iuliae
1242 3920 1433 3994 Germanae
1449 3941 1472 3986 a

192 4021 351 4092 chronica
373 4019 540 4092 medullae
563 4020 704 4116 spinalis
727 4022 1029 4117 inflammatione.»

266 4153 283 4194 a
303 4127 386 4200 Post
401 4129 486 4198 haec
503 4126 551 4196 nil
569 4129 661 4199 aliud
678 4129 713 4199 in
731 4151 832 4200 causa
849 4131 1046 4202 huiusmodi
1063 4132 1335 4226 praeclarissima
1361 4153 1471 4200 rema-

193 4229 298 4301 nebat
322 4233 512 4325 agendum,
539 4253 608 4323 quo
626 4233 818 4304 aderitum
842 4235 1100 4328 quamprimum
1125 4240 1385 4330 perduceretur,
1405 4237 1472 4306 nisi

193 4349 368 4430 postrema
392 4338 450 4409 illa
474 4337 682 4421 declaratio,
702 4361 769 4431 qua
795 4350 869 4409 tuta
885 4341 927 4411 ad
944 4340 1222 4412 Canonizationis
1247 4341 1368 4412 llitum
1387 4354 1473 4413 ster-

193 4459 334 4515 neretur
352 4444 417 4515 via.
439 4444 553 4532 Quare
569 4443 605 4513 iu
623 4443 784 4517 Comitiis
806 4443 1031 4519 Generalibus
1055 4447 1144 4541 apud
1170 4449 1272 4521 aedes
1288 4448 1473 4521 Vaticanus
