3282 5008
475 461 572 510 osca.
588 461 742 510 canossa.
759 463 786 508 s.
803 461 968 512 aeramen
986 461 1015 508 tn
1033 461 1153 508 castrt.
1381 437 1446 506 tta

173 563 236 636 bet
258 587 348 637 anno
369 565 459 638 cirea
492 565 753 639 celeberrimam
779 564 1056 658 indulgentiam,
1092 585 1180 657 quae
1212 563 1339 639 dicitur
1362 561 1449 632 Por·

171 671 368 754 tirunculam
392 694 481 764 quae
505 672 718 744 consuetudo
743 673 895 742 maxime
919 671 1050 746 Romae
1074 684 1242 743 servatur.
1270 670 1342 742 imo
1359 670 1449 763 ipse-

173 789 250 850 met
272 777 479 852 Benedictus
503 779 591 851 xlv.
610 794 688 849 tom.
716 781 758 849 tt
784 779 940 850 editionis
961 781 1129 874 pratensis
1152 801 1209 848 ae.
1237 779 1327 848 tato
1352 778 1385 868 ς.
1403 781 1447 847 tt

171 883 219 955 de
245 883 456 976 indulgentia
486 882 728 956 Portiunculae
753 884 838 954 haec
862 881 987 954 habet:
1016 882 1101 954 «Aa
1126 881 1370 953 portiunculae
1394 881 1450 950 ln·

177 1015 197 1055 a
216 988 426 1082 dulgentiam
450 991 542 1081 quod
567 1002 720 1083 spectat,
747 989 838 1061 lmud
862 987 1078 1081 improbatur
1101 988 1157 1083 pia
1181 988 1240 1058 illa
1260 999 1364 1080 atque
1388 1009 1450 1058 an·

176 1119 197 1161 a
217 1094 313 1186 tique
344 1095 555 1167 consuetudo
587 1116 653 1186 qua
685 1091 935 1165 Christilideles
970 1113 1218 1184 saepenumero
1245 1092 1281 1160 in
1308 1090 1448 1162 Sacram

177 1223 197 1264 a
218 1197 433 1281 Aediculam,
452 1199 507 1271 vel
526 1199 561 1269 in
578 1199 660 1270 alias
685 1198 847 1271 eeclesias
864 1199 906 1269 ad
928 1219 1014 1289 quas
1038 1197 1212 1290 praedicta
1235 1196 1449 1289 indulgentia

177 1327 198 1368 a
218 1314 314 1394 patet
344 1302 600 1392 ingrediuntur,
634 1302 875 1374 existimantes
898 1324 1000 1394 posse
1033 1324 1069 1372 se
1102 1301 1232 1395 pluries
1261 1323 1337 1374 nant
1368 1323 1450 1374 con-

177 1435 198 1475 a
218 1409 327 1501 sequi.
354 1409 399 1478 Et
422 1429 543 1480 revera
574 1427 653 1478 eum
679 1407 722 1478 ab
747 1407 919 1500 Episcopo
952 1408 1101 1500 quodam
1126 1407 1162 1480 S.
1181 1407 1447 1502 (iongregationi

178 1539 199 1580 a
218 1513 361 1585 Concilii
378 1515 574 1606 expositum
593 1512 714 1583 luisset
731 1513 869 1583 Fratres
894 1513 1112 1584 Reformatos
1135 1511 1275 1584 Ordinis
1291 1513 1327 1586 S.
1345 1513 1451 1585 Fran·

178 1645 199 1688 a
218 1620 298 1693 cisci
320 1619 517 1711 provinciae
541 1619 720 1692 Carniolae
745 1620 871 1712 populo
896 1621 1103 1713 persuadere
1119 1631 1160 1688 ut
1175 1619 1311 1711 saepius
1328 1619 1449 1690 eadem

179 1728 272 1800 adio
296 1726 489 1818 ingressum
514 1727 610 1796 illum
636 1738 890 1819 repeterent...
911 1739 947 1797 et
970 1749 1049 1796 cum
1078 1726 1273 1816 quaesitum
1304 1724 1448 1807 suisset,

179 1854 299 1904 anum
326 1833 359 1902 id
385 1833 523 1904 tolerari
551 1845 689 1924 posset3
717 1832 752 1903 S.
780 1831 1007 1924 Congregatio
1031 1832 1086 1901 die
1111 1832 1153 1901 17
1180 1829 1262 1900 lolii
1290 1834 1377 1901 ¹700
1401 1831 1450 1901 ita

178 1966 199 2008 a
219 1939 412 2032 respondit:
433 1936 469 2010 S.
489 1935 591 2031 coep.
610 1936 772 2008 Emonam
790 1935 826 2009 S.
846 1936 888 2008 ll.
907 1937 950 2007 Ε.
971 1935 1204 2010 Cardinalitrm
1231 1935 1330 2009 Coae.
1354 1936 1448 2007 Trid.

178 2071 198 2112 a
217 2044 464 2139 interpretum,
480 2041 596 2112 audita
620 2040 782 2112 relatione
805 2041 1040 2112 procuratoris
1067 2038 1240 2113 Generalis
1255 2055 1287 2110 et
1303 2039 1450 2110 Miraiatri

178 2179 198 2220 a
218 2150 465 2230 Provinciam,
489 2151 616 2220 censerit
642 2149 840 2220 seruandum
872 2146 1137 2219 emarcidum.»
1168 2145 1281 2232 Quare
1309 2145 1351 2216 ad
1379 2159 1450 2217 ter·

179 2259 268 2327 tium
291 2257 436 2328 dubium
467 2254 698 2348 opinabantur
722 2254 945 2327 consultores
977 2252 1252 2348 respondendum
1284 2273 1360 2323 esse
1392 2275 1450 2321 ne-

175 2364 303 2458 petire.

255 2576 381 2644 Eumne
400 2594 567 2642 sotertes:

253 2681 278 2750 i.
306 2681 427 2750 Plures
443 2677 625 2748 distinctas
639 2680 685 2768 (l)
702 2677 872 2770 plenarias
890 2676 1123 2767 indulgentias
1140 2697 1240 2767 posse
1257 2673 1376 2744 eodem
1394 2673 1451 2743 die

179 2786 372 2876 quemlibet
398 2783 539 2864 lucrari,
567 2784 641 2854 sive
666 2784 729 2854 hae
754 2784 825 2852 sint
850 2781 1065 2875 personulae,
1086 2781 1158 2850 sire
1175 2779 1318 2861 localeS,
1344 2779 1452 2849 dunt-

180 2891 285 2960 modo
319 2904 433 2962 tamen
460 2911 521 2980 pro
545 2889 690 2981 singulis
715 2887 940 2980 indulgentiis
986 2887 1140 2979 singulae
1165 2886 1338 2956 iniunctae
1362 2907 1452 2955 con-

177 2995 331 3067 ditiones
355 3007 546 3067 serventur.

254 3101 296 3171 ll.
322 3099 420 3186 Quod
437 3103 465 3171 si
482 3101 622 3173 eaedem
646 3123 708 3195 pro
724 3100 879 3193 qualibet
904 3100 1119 3192 indulgentia
1144 3111 1214 3169 sant
1238 3097 1453 3169 conditiones

180 3206 379 3286 iniunctae,
405 3207 470 3278 hae
494 3207 598 3278 toties
615 3209 734 3278 eodem
752 3207 807 3277 die
824 3208 940 3278 iterari
957 3207 1106 3288 debent,
1124 3205 1153 3274 si
1171 3203 1345 3276 iterabiles
1361 3204 1453 3283 sint,

182 3313 320 3404 quoties
343 3323 426 3380 sunt
449 3311 684 3404 indulgentiae
708 3312 986 3384 lucrifaciendae.

237 3493 274 3563 (ι)
292 3492 352 3546 Una
364 3490 510 3559 eademque
524 3490 640 3559 plenaria
653 3491 793 3561 indulgen·
844 3509 906 3548 curn
916 3492 1028 3547 dubium
1039 3491 1134 3546 fuisset
1144 3491 1309 3560 propositum
1318 3491 1345 3542 in
1355 3488 1451 3541 Valen-

180 3577 222 3629 tia
241 3575 333 3630 eodem
347 3575 391 3628 die
405 3574 531 3629 lucrilieri
551 3591 604 3628 nou
626 3583 720 3644 potest.
737 3578 794 3629 lioc
846 3583 933 3632 tinen.
945 3579 990 3632 die
1001 3583 1032 3630 tt
1044 3578 1190 3631 Februarii
1207 3581 1269 3628 1847
1283 3574 1355 3627 hisce
1367 3571 1454 3626 verbis

178 3661 350 3714 declaratum
370 3659 423 3713 suit
441 3660 468 3714 iu
489 3662 599 3713 Decreta
611 3659 688 3714 dieta
703 3660 793 3714 ltlattii
845 3670 1014 3732 conceptum:
1027 3667 1087 3714 «An
1105 3662 1241 3714 visitantes
1255 3659 1387 3712 Ecclesiae
1400 3657 1452 3710 Or-

185 3751 252 3798 tttts
265 3743 336 3815 quod
349 3745 459 3814 incipit:
472 3744 591 3798 Deletae
602 3747 720 3813 saeptas.
736 3747 793 3798 llu-
848 3747 942 3800 „dinis
951 3748 978 3800 S.
992 3743 1124 3799 Francisci
1145 3745 1187 3798 die
1199 3742 1316 3798 secunda
1326 3741 1438 3810 Augusti

180 3829 229 3882 ius
244 3831 346 3883 Decreti
367 3829 445 3882 rerba
459 3827 492 3883 ad
506 3842 560 3882 rem
575 3828 712 3893 facientia,
729 3827 794 3882 haee
849 3835 1012 3887 ·tuerentur
1031 3829 1227 3899 indulgentiam
1251 3828 1396 3898 plenariam
1415 3831 1455 3880 to·

184 3921 266 3966 sunt:
292 3935 303 3959 ι
318 3912 408 3968 Sertei
420 3919 513 3967 autem
532 3915 685 3966 dumtaxat
702 3916 730 3965 ta
748 3913 794 3967 die
848 3920 1042 3985 »iterationes
1059 3917 1087 3968 in
1109 3930 1154 3969 eas
1175 3913 1399 3983 ingrediunturet
1410 3927 1455 3981 pa·

182 3997 344 4052 Menariam
357 3997 565 4066 ladalpentlam
583 4000 612 4050 tn
630 3999 718 4050 certos
735 3996 795 4050 dice
847 4015 981 4070 rrurnper
998 4000 1033 4054 ibi
1052 4007 1144 4054 erant:
1161 4007 1187 4052 et
1201 4014 1234 4052 on
1254 3998 1407 4068 requiratur
1424 4003 1455 4050 ut

188 4080 338 4136 acctertnm
370 4081 546 4135 visitantibus
572 4095 727 4134 cortressam
752 4080 795 4134 rel
847 4083 1227 4140 »commuuioliatineadem
1244 4083 1454 4137 Ecclesia-Sa·

178 4167 348 4235 aliadptam
361 4181 429 4234 opita
437 4165 635 4235 peraaettllbtts
646 4166 790 4234 lucrifieri·
844 4187 888 4225 cra
901 4173 931 4225 C.
947 4171 968 4223 Ι.
981 4168 1138 4238 respondere
1149 4171 1268 4224 censuit:
1281 4167 1455 4235 affirmative

182 4248 275 4318 Excipi
288 4257 375 4303 tamen
393 4248 471 4304 debet
486 4248 654 4318 indulgentia
674 4249 791 4303 celeber·
842 4255 882 4309 ad
890 4258 1014 4324 primam
1030 4257 1153 4322 partem,
1169 4255 1296 4321 rteqatioe
1309 4253 1349 4306 od
1360 4268 1454 4307 secan·

180 4337 252 4388 eima
276 4331 494 4398 Porttracalae,
523 4334 561 4387 rel
587 4335 702 4403 siquae
735 4340 792 4389 stat
842 4340 920 4394 dana.
936 4339 1024 4406 Quare
1036 4337 1167 4392 eiusmodi
1181 4336 1377 4406 indulgentiam
1393 4336 1455 4406 quis

178 4419 253 4472 aliae
263 4415 577 4472 adinstarl'ortiunculae
588 4433 738 4473 concessae.
751 4418 791 4472 ad
843 4424 936 4477 eodem
955 4421 998 4476 die
1011 4423 1089 4476 toties
1109 4423 1245 4488 lucratur,
1263 4421 1367 4493 quoties
1377 4435 1455 4491 prae·

179 4504 255 4557 hauc
275 4516 345 4556 curru
368 4501 560 4571 indulgentiam
581 4502 652 4572 quod
672 4512 791 4573 spectat,
844 4508 912 4560 tatas
929 4508 1055 4562 eeclesias
1075 4509 1225 4562 visitaverit
