3248 5004
519 563 816 642 tarantarum!
844 567 1135 646 sronsattunt.

255 836 294 888 't
312 835 386 886 tanta·
407 837 481 885 1863.
933 829 1006 889 Sea.
1018 840 1050 888 2⁴
1060 849 1086 889 c.
1099 843 1112 889 t
1124 834 1159 890 de
1168 832 1290 903 nesam.
1304 837 1433 895 Manu.

270 1105 556 1173 campanorum
579 1102 687 1160 tuta.
711 1094 920 1165 Promiserat
945 1095 1060 1166 Titius
1090 1095 1193 1168 Gaiae
1217 1119 1299 1168 suae
1323 1111 1459 1168 causan

193 1197 341 1290 guiueae
359 1197 394 1266 in
412 1196 516 1267 tertio
531 1195 638 1288 gradu
669 1221 707 1270 se
726 1197 818 1268 illam
904 1220 1048 1271 uxorem
1064 1199 1250 1271 ducturum
1271 1201 1335 1271 sub
1352 1199 1464 1272 condi·

192 1304 291 1374 tione
303 1342 318 1356 ·
330 1299 369 1374 si
384 1301 458 1397 ipso
475 1299 559 1374 Cain
582 1325 618 1372 ae
641 1301 812 1373 honestam
835 1317 996 1374 sanasset
1007 1344 1024 1358 -
1040 1304 1087 1376 ita
1105 1318 1145 1375 ut
1161 1306 1190 1376 si
1214 1305 1299 1377 baec
1315 1304 1467 1376 conditio

192 1407 413 1501 impleretur,
441 1406 554 1478 Titius
579 1406 645 1477 sibi
676 1430 763 1479 onus
787 1408 997 1501 suscepisset
1021 1409 1258 1504 impetrandae
1282 1433 1303 1482 a
1326 1411 1363 1482 S.
1381 1408 1470 1482 Sede

193 1512 462 1605 dispensationis
486 1534 591 1605 super
613 1513 923 1606 consanguinitatis
948 1515 1209 1607 impedimento.

266 1618 401 1689 Accidit
433 1629 549 1690 tamen
577 1629 618 1688 ut
648 1617 780 1700 Titius,
806 1632 941 1689 mutato
965 1619 1088 1690 deinde
1113 1619 1272 1701 consilio,
1298 1642 1379 1691 cum
1404 1619 1470 1690 alia

193 1723 452 1796 adolescentula
468 1722 510 1794 de
527 1724 658 1816 nuptiis
674 1723 832 1795 ineundis
855 1727 1117 1818 agerecoeperit.
1136 1726 1231 1796 Hanc
1248 1726 1331 1796 Titii
1348 1727 1471 1818 agendi

195 1831 365 1900 rationem
385 1828 468 1900 Gaia
493 1851 592 1921 passa
618 1851 684 1901 non
710 1843 783 1910 est,
808 1840 843 1901 et
868 1851 975 1922 penes
992 1828 1232 1924 Episcopalem
1250 1829 1391 1902 Curiam
1409 1832 1473 1901 im·

194 1935 435 2028 pedimentum
456 1935 617 2028 apposuit
642 1935 854 2028 sponsalium
879 1935 1045 2007 adversus
1061 1947 1191 2006 statum
1208 1935 1356 2013 liberum
1370 1935 1469 2018 Titii,

193 2053 358 2112 accusato
371 2043 475 2112 etiam
488 2041 580 2112 Titio
595 2042 644 2111 uti
657 2043 989 2134 praegnantemque
998 2040 1079 2112 Caia
1092 2041 1471 2134 gravabaturmuctore.

198 2146 411 2218 Reclamavit
432 2147 557 2228 Titius,
576 2161 611 2218 et
629 2147 758 2217 institit
775 2160 814 2217 nt
831 2147 896 2218 hoc
913 2160 1149 2220 removeretur
1169 2147 1471 2239 impedimentum.

192 2251 310 2339 Quare
333 2275 496 2346 processu
513 2253 548 2322 in
565 2250 668 2323 Curia
688 2251 846 2324 coniecto
860 2303 869 2332 ‚
884 2274 965 2324 cum
988 2252 1182 2346 Episcopus
1200 2277 1219 2324 a
1235 2254 1410 2324 sententia
1429 2253 1474 2324 ie·

199 2357 303 2428 reuda
316 2381 353 2428 se
363 2357 570 2440 abstineret,
587 2358 700 2428 Titius
712 2358 753 2428 ad
766 2357 849 2429 SC.
860 2359 900 2430 C.
913 2360 1125 2430 reclamavit.
1141 2358 1177 2428 S.
1193 2371 1310 2430 antem
1322 2357 1475 2450 Congre-

196 2464 292 2555 gatio
305 2465 437 2554 rogavit
453 2465 662 2557 Episcopum
674 2486 737 2557 pro
750 2465 991 2538 informatione
1004 2477 1040 2538 et
1053 2478 1146 2548 voto,
1158 2478 1263 2558 atque
1275 2476 1315 2536 ut
1328 2467 1475 2538 reierret

194 2571 242 2640 de
265 2583 360 2640 statu
381 2592 504 2640 causae
524 2583 558 2641 et
577 2570 659 2662 quid
677 2571 832 2642 obstaret
851 2573 1036 2664 quominus
1059 2571 1233 2643 sententia
1256 2570 1434 2642 definitiva
1456 2595 1475 2640 a

198 2674 303 2744 Curia
317 2675 489 2746 ederetur.
506 2673 731 2745 Transmissis
748 2676 864 2768 itaque
881 2699 900 2747 a
917 2675 1021 2746 Curia
1038 2676 1162 2759 literis,
1177 2698 1265 2768 quae
1283 2675 1363 2746 huic
1381 2693 1476 2745 man·

195 2781 280 2852 dato
303 2779 578 2866 satisfaciebant,
600 2781 727 2852 iterum
752 2782 788 2853 S.
806 2783 846 2852 C.
865 2783 908 2853 ad
929 2781 1085 2854 eamdam
1102 2780 1243 2852 Cariam
1260 2781 1416 2873 scripsit,
1437 2794 1477 2850 ut

194 2887 337 2960 mulieri
351 2888 539 2958 terminum
554 2887 756 2980 praefigeret
772 2889 816 2960 ad
834 2888 1073 2961 deducendum
1086 2889 1161 2960 iura
1177 2911 1240 2959 sua
1252 2910 1367 2960 coram
1380 2888 1416 2960 S.
1431 2887 1472 2959 C.

196 3007 236 3066 et
253 2994 296 3065 de
312 2993 561 3066 resultantibus
576 2995 799 3078 certioraret,
820 2994 1031 3066 transmissis
1055 3017 1237 3088 processus
1253 2995 1353 3065 actis.
1374 2995 1477 3064 Assi-

198 3114 305 3193 gnatn
322 3100 457 3172 aCuria
473 3101 577 3172 nitius
590 3101 719 3172 mensis
738 3103 904 3184 termino,
919 3102 1038 3173 eadem
1055 3099 1160 3173 Curia
1178 3101 1388 3183 transmisit,
1409 3123 1477 3171 una

200 3229 280 3280 cum
300 3207 387 3278 actis
402 3228 507 3299 snper
524 3207 683 3279 examine
701 3209 843 3279 testium
861 3207 1045 3289 coniectis,
1057 3208 1223 3300 quasdam
1240 3209 1346 3278 etiam
1364 3221 1479 3278 extra·

199 3311 381 3384 iudiciales
396 3312 543 3383 aliorum
561 3313 705 3385 testium
723 3313 958 3406 depositiones
998 3337 1081 3386 cura
1102 3315 1210 3407 ipsius
1234 3313 1337 3385 Gaiae
1362 3337 1382 3384 a
1407 3336 1480 3403 pu-

200 3419 295 3490 blico
320 3418 521 3490 Tabellione
544 3432 710 3513 exceptas
734 3421 798 3492 sub
824 3422 1007 3494 iuramenti
1034 3420 1113 3494 tide.

274 3525 379 3595 Porro
407 3547 450 3596 ex
479 3523 698 3597 iudicialibus
722 3528 809 3598 actis
836 3527 921 3599 haec
954 3527 1120 3598 eruimus.
1152 3526 1266 3597 Titias
1290 3526 1325 3596 in
1351 3525 1480 3596 iudicio

202 3630 270 3702 sub
287 3631 480 3702 iuramento
497 3630 617 3701 retulit
638 3629 757 3703 Gaiam
782 3633 1017 3704 conditionem
1041 3631 1240 3726 impositam
1263 3655 1332 3703 non
1357 3630 1481 3723 imple·

202 3737 313 3819 visse,
340 3757 486 3828 eamque
510 3735 812 3808 indiscriminatim
837 3761 917 3808 cum
942 3738 1105 3809 omnibus
1129 3749 1165 3810 et
1189 3738 1328 3831 quidam
1360 3759 1481 3830 suspe-

201 3841 273 3911 ctis
296 3841 481 3912 admodum
506 3841 590 3911 riris
614 3858 851 3916 conversatam
877 3844 1000 3927 fuisse,
1019 3845 1107 3915 etin
1125 3847 1295 3939 suspectis
1320 3842 1482 3915 domibus

201 3947 282 4018 dies
298 3959 333 4018 et
349 3958 469 4019 noctes
491 3947 716 4038 protraxisse.
736 3948 847 4035 Quam
866 3950 910 4021 ob
927 3972 1001 4021 rem
1017 3949 1119 4042 «Ego
1134 3949 1239 4043 (sunt
1256 3949 1360 4021 verba
1375 3947 1480 4042 Titii)

204 4082 228 4118 a
247 4074 328 4123 cum
344 4075 384 4122 ea
400 4065 611 4143 conquestus
634 4075 731 4137 sum,
751 4055 825 4148 ipsa
844 4079 923 4129 vero
940 4057 989 4126 ita
1006 4055 1090 4126 mibi
1117 4054 1311 4148 respondit:
1331 4065 1369 4124 tu
1389 4051 1482 4148 quod

208 4187 229 4224 a
249 4157 313 4230 tibi
335 4158 449 4250 piacet
472 4157 564 4248 agis,
591 4169 628 4229 et
651 4180 715 4252 ego
739 4161 830 4254 qrrod
855 4163 975 4232 mihi.»
995 4161 1141 4254 lnsuper
1156 4161 1237 4230 huic
1254 4181 1334 4230 cum
1356 4159 1483 4231 ceteris

205 4263 333 4334 rationi
358 4262 480 4354 agendi
504 4262 722 4336 adscribebat
740 4266 853 4337 Titius
879 4266 1035 4338 mulieris
1056 4267 1332 4358 praegnantium.

280 4368 333 4439 Ex
357 4367 507 4439 testibus
530 4389 612 4442 vero
636 4369 758 4442 iuratis
781 4395 801 4442 a
826 4371 919 4444 Titio
944 4370 1096 4442 inductis
1135 4371 1317 4442 constabat
1340 4392 1486 4442 consuo·

206 4477 366 4546 tudinem
379 4475 505 4548 amoris
533 4473 770 4549 Titium'inter
786 4490 821 4549 et
836 4476 956 4556 Caium
989 4477 1245 4563 intercessisse,
1264 4474 1348 4546 nibil
1369 4487 1489 4556 tanen
