3248 5004
161 365 209 430 til
654 367 802 421 onrronu
827 363 965 416 rarrrrt.

161 493 236 560 l'ato
266 485 472 581 privilegio,
505 505 586 557 cum
618 483 652 553 in
686 479 824 553 lndulto
856 497 925 547 non
957 462 1317 564 comprehendebatur
1347 457 1442 527 inter

164 591 399 686 principaliter
422 588 670 686 privilegiatos.

233 698 322 785 Ques
350 719 471 767 sutram
497 715 785 765 sorrarcramroa.
798 686 885 759 -Ε
903 694 1022 757 contra
1038 703 1119 754 vero
1143 677 1260 748 lavore
1285 667 1441 742 Mulieris

162 805 267 878 Caiae
293 801 462 874 militabat
486 801 600 894 ipsum
626 793 939 870 extraordinarium
962 787 1180 882 privilegium
1219 780 1253 848 in
1279 794 1438 847 remune-

166 911 336 1030 rationem
369 907 557 1000 insignium
582 903 785 975 meritorum
833 921 876 970 ex
903 909 1001 967 motu
1032 890 1171 986 proprio
1203 899 1311 958 etex
1343 890 1439 949 certa

165 1016 309 1087 scientia
330 1014 409 1085 aa.
428 1010 596 1083 Pontilice
619 1007 799 1079 Clemente
818 1002 907 1074 Xlll.
935 1018 1148 1073 concessum.
1178 984 1440 1060 Animadverte-

165 1120 267 1191 batur
291 1121 384 1191 enim
409 1118 521 1210 ipsum
545 1112 773 1184 Benedictum
797 1107 884 1179 XlV.
904 1107 941 1175 io
966 1103 1057 1199 Epis.
1084 1089 1433 1192 cooperimenta

167 1250 253 1319 quae
269 1227 392 1320 incipit
404 1218 742 1318 Mopno,buiusmodi
766 1213 946 1310 privilegia
970 1202 1220 1302 quodammodo
1245 1196 1438 1290 excepisse.

167 1335 212 1404 Et
236 1357 356 1426 reapse
381 1333 415 1402 in
440 1331 504 1403 hac
530 1328 702 1422 encyclica
727 1324 875 1397 habetur
899 1319 952 1411 §§.
974 1321 1027 1386 to.
1051 1318 1104 1383 17.
1131 1306 1277 1404 quodsi
1302 1314 1441 1396 praetor

163 1439 369 1510 indultarins
387 1437 420 1507 in
438 1435 552 1506 fronte
571 1432 688 1505 Brevis
704 1429 889 1521 inscriptos
921 1423 1092 1494 indicetur
1103 1419 1138 1488 in
1152 1407 1439 1508 corporeBreris,

163 1546 257 1665 pund
272 1543 377 1616 etiam
391 1540 456 1612 alia
470 1539 644 1611 nominata
661 1557 806 1629 persona
821 1530 934 1627 possit
950 1527 1087 1598 Missam
1109 1521 1282 1595 celebrare
1303 1514 1440 1590 lacere,

168 1649 200 1720 rd
224 1647 401 1720 sufficiens
425 1657 497 1728 est,
520 1655 559 1714 ut
574 1643 638 1714 hac
655 1651 834 1734 praesente
851 1655 998 1733 persona
1015 1632 1079 1700 rite
1104 1627 1206 1698 Missa
1230 1621 1439 1694 celebretur.

239 1749 589 1824 Animadvertebatur
612 1769 694 1819 vero
717 1745 834 1816 lavore
858 1739 1014 1814 eiusdem
1040 1733 1206 1814 mulieris,
1226 1729 1330 1800 verba
1347 1746 1444 1818 prae

165 1859 227 1943 lati
246 1856 509 1930 extraordinarii
534 1853 660 1925 lndulti
678 1873 801 1944 nempe
821 1877 836 1916 a
848 1843 988 1943 quilibet
1007 1863 1120 1912 eorum
1134 1837 1236 1935 possit
1254 1850 1285 1906 et
1302 1830 1439 1904 voleat»

167 1965 249 2036 talia
266 1987 359 2046 esse,
376 1985 464 2056 quae
491 1960 696 2032 ridebantur
719 1954 861 2026 cuilibet
879 1973 921 2023 ex
939 1945 1139 2019 memoratis
1155 1945 1189 2013 in
1207 1939 1342 2012 indulto
1366 1955 1444 2025 per·

167 2070 283 2152 sonis,
315 2069 468 2139 tribuere
502 2065 703 2136 facultatem
729 2059 903 2133 celebrare
933 2051 1079 2124 laciendi
1122 2063 1158 2122 et
1183 2041 1351 2120 sacrificio
1377 2036 1446 2104 rite

167 2174 367 2258 adsistendi,
386 2174 470 2267 quin
486 2170 679 2243 necessario
696 2165 893 2259 requiratur
909 2157 1103 2253 praesentia
1120 2148 1360 2249 principaliter
1377 2142 1447 2235 pri·

170 2285 334 2378 vilegiati.

734 2430 874 2483 Buloto.

239 2599 266 2670 l.
295 2624 312 2666 a
337 2595 390 2667 An
415 2604 551 2667 constet
582 2591 625 2662 de
656 2589 731 2660 iure
762 2581 898 2656 fruendi
931 2575 1109 2672 privilegio
1137 2564 1289 2644 Oratorii
1318 2562 1445 2657 privati

167 2707 206 2779 in
231 2727 350 2778 casu.»

314 2836 331 2879 a
350 2809 397 2881 Et
420 2816 591 2900 quatenus
614 2798 807 2892 negative.»

240 2919 283 2990 ll.
311 2918 401 2986 «An
426 2915 473 2984 sit
496 2908 719 2982 annuendum
743 2900 909 2975 Oratricis
932 2895 1092 2990 precibus
1115 2892 1152 2960 in
1178 2907 1295 2957 casu.»

239 3026 422 3098 ,Rasocorro
449 3003 953 3096 ooarooou.-SacraCorrg.C.
966 3000 1001 3070 in
1017 2995 1170 3071 comitiis
1193 2988 1261 3060 diei
1281 2990 1325 3056 27
1342 2981 1441 3056 Febr.

175 3138 264 3207 {Mil
282 3128 417 3203 censuit
430 3123 638 3217 respondere
656 3116 699 3189 ad
715 3116 740 3186 l.
753 3107 1023 3208 affimativerad
1042 3095 1263 3197 ltprovisrtm
1274 3093 1310 3163 in
1320 3090 1442 3188 primo,

246 3357 298 3430 Ex
323 3379 362 3425 ns
385 3373 515 3424 ouaraus
540 3363 770 3416 ncrncrrcanss:

246 3465 272 3536 l.
298 3463 449 3534 Mentem
480 3477 554 3527 csse
586 3451 621 3521 S.
650 3447 749 3521 Sedis
778 3445 811 3514 in
841 3433 1071 3512 concedendis
1094 3425 1275 3502 ordinariis
1306 3415 1450 3491 indultis

173 3571 323 3648 Oratorii
348 3565 492 3663 privati,
516 3573 555 3632 ut
579 3580 642 3651 per
666 3553 769 3626 verba
790 3551 827 3620 io
849 3561 906 3616 tao
929 3566 969 3614 oc
985 3537 1140 3637 familiae
1163 3546 1240 3603 tone
1263 3541 1324 3600 etc.
1350 3542 1451 3618 proe-

175 3681 304 3758 sentio,
328 3671 540 3762 intelligatur
565 3659 781 3757 privilegium
803 3651 969 3722 indirecte
993 3646 1175 3716 dumtaxat
1196 3648 1380 3709 extensum
1409 3624 1451 3696 ad

174 3782 346 3881 [omilium
358 3795 441 3859 etc.;
453 3777 500 3845 ita
512 3785 565 3853 ut,
577 3761 791 3838 solummodo
804 3754 929 3825 intuito
945 3744 1154 3848 praesentiae
1170 3732 1371 3835 principalis
1386 3730 1452 3825 pri·

177 3887 344 3983 vilegiati,
356 3884 492 3978 possint
508 3872 635 3948 caeteri
648 3865 787 3940 indicati
802 3863 837 3931 in
853 3859 986 3930 lndulto
999 3852 1066 3923 lrui
1079 3847 1237 3922 Oratorio
1251 3835 1451 3937 privatoll)‚

239 4099 278 4172 (t)
290 4095 331 4153 nd
341 4093 457 4153 famulos
467 4087 539 4161 quod
550 4084 790 4146 attinet,cumnon
843 4080 925 4134 ntae,
935 4076 1054 4135 tempore
1067 4064 1150 4128 dicto,
1162 4066 1225 4115 actu
1235 4070 1288 4110 noa
1299 4047 1453 4112 necessarii,

178 4187 346 4244 alteratione
358 4179 509 4236 referantur
525 4171 560 4228 ad
578 4168 718 4225 dominum
737 4160 790 4218 nisi
843 4181 856 4208 ι
868 4154 968 4212 ibidem
979 4153 1074 4205 Missae
1088 4140 1243 4204 huiusmodi
1255 4141 1455 4198 interessentes,

179 4266 402 4330 rationeservitti‚
425 4255 660 4318 binesoletetiam
678 4246 790 4318 exprimi
844 4239 901 4294 »ab
909 4235 1073 4305 obligatione
1091 4226 1218 4286 audiendi
1237 4225 1346 4279 Missam
1361 4221 1389 4272 ia
1404 4217 1455 4270 Ee·

180 4358 209 4416 in
230 4350 384 4411 huiusmodi
402 4345 545 4404 ordinariis
566 4338 689 4396 indultis.
739 4333 793 4384 Vo·
845 4327 951 4381 eclesia
962 4314 1184 4376 diebuslestisde
1194 4317 1333 4384 praecepto
1344 4305 1458 4360 minime

182 4466 196 4492 ι
209 4443 301 4498 lomus
319 4445 408 4492 autem
419 4428 491 4501 qaod
505 4427 667 4487 familiares,
686 4415 794 4475 servitio
847 4409 948 4465 »tiberi
962 4411 1148 4460 censeantur.»
