3248 5004
175 405 222 471 st
719 427 868 478 arresnrs
894 437 915 474 ι.

176 531 250 608 quis
292 531 497 596 catechismus
518 533 651 616 fideiqne
674 541 790 616 myste·
842 533 1055 612 hospitum,et
1069 527 1452 612 eorumquiitcriaciunt3

176 633 220 692 ria
229 631 383 710 explanari
394 644 523 714 possunt
531 637 696 700 ministerio
708 637 791 698 eius·
842 641 934 716 atque
956 635 1060 697 itidem
1076 652 1164 697 casus
1180 633 1231 695 iiie
1246 633 1284 694 de
1300 633 1451 711 principe,

174 731 498 817 deanacerdotis,qui
511 737 791 802 ndSacrurnconfi-
842 745 895 798 aut
918 737 1071 816 Episcopo
1087 738 1141 817 qui
1160 736 1209 797 die
1230 733 1308 796 festo
1330 733 1451 794 Missam

175 835 319 898 ciendum
332 837 498 901 inducitur.
510 841 615 903 Reiicit
625 841 788 903 secundam
841 858 902 902 non
925 839 1082 917 audierit,
1113 858 1170 902 neo
1192 839 1269 901 aiios
1290 836 1451 918 qnisquam

171 939 249 1016 quia
279 941 413 1020 exceptis
433 942 653 1019 diissionariis,
677 943 789 1024 quibus
840 941 983 1004 sacerdos
998 944 1056 1019 sit,
1071 944 1124 1021 qui
1141 941 1239 1022 possit
1261 941 1384 1000 Missam
1400 956 1452 998 cc·

169 1038 339 1120 aliquando
354 1049 488 1122 potestas
501 1043 609 1107 eodem
626 1045 676 1107 die
692 1047 787 1108 sacri·
839 1042 970 1106 lehrarc.
987 1043 1108 1106 Nullum
1132 1044 1213 1104 enim
1235 1047 1281 1103 est
1301 1041 1451 1102 inconse-

175 1139 278 1202 doinm
296 1143 423 1206 iterandi
437 1163 453 1207 a
467 1144 583 1208 S.Sede
596 1147 786 1224 conceditur,
839 1145 924 1205 niens
938 1146 961 1206 si
978 1145 1150 1224 Episcopus
1172 1143 1222 1206 rel
1244 1142 1300 1204 aiio
1322 1157 1452 1222 persona

176 1240 244 1303 aliis
256 1243 451 1307 concedenda
465 1245 595 1309 foculus
606 1255 652 1309 est
663 1249 700 1308 ab
716 1249 787 1327 E'pi·
839 1245 953 1308 nobilis
981 1245 1099 1308 iiissanr
1129 1263 1191 1308 nou
1220 1243 1346 1319 audiat,
1378 1243 1452 1322 qnia

171 1360 285 1422 scopo,
304 1347 357 1424 qui
374 1345 507 1410 iudicare
523 1348 615 1410 debet
629 1347 668 1411 de
684 1366 787 1411 ncces·
839 1347 941 1410 nullus
961 1348 1047 1410 adest
1066 1348 1214 1410 Sacerdos
1229 1348 1283 1428 qui
1299 1348 1365 1408 iure
1381 1362 1453 1424 pos·

167 1445 274 1507 sitatis
289 1464 391 1509 causa
403 1449 440 1509 Et
452 1449 546 1511 refert
561 1448 598 1512 ad
614 1468 677 1512 rem
692 1449 786 1512 rerba
838 1452 877 1511 sit
898 1450 982 1512 iiiam
1005 1452 1123 1528 dicere;
1143 1455 1214 1512 item
1237 1466 1326 1512 casus
1339 1447 1378 1509 de
1394 1465 1452 1508 nu·

170 1547 206 1607 S.
224 1548 338 1628 congr.
363 1551 493 1628 negotiis
506 1557 537 1612 et
552 1552 785 1614 consultationi·
837 1552 910 1632 ptiis
928 1569 1007 1630 quae
1027 1552 1145 1614 diiierri
1164 1551 1379 1631 nonpossint,
1403 1548 1451 1610 rel

175 1647 233 1710 bns
248 1651 471 1730 Episcopornm
491 1655 694 1734 praepositae,
708 1671 786 1734 quae
838 1656 1008 1717 alterorsus
1018 1656 1070 1733 qui
1084 1654 1146 1716 iere
1159 1653 1358 1734 impossibilis
1369 1651 1453 1713 vide-

172 1749 224 1811 dic
246 1751 284 1811 25
309 1753 454 1816 Octobris
479 1755 560 1816 1588
602 1756 644 1817 ita
671 1756 787 1818 Gerun·
839 1763 890 1818 tur
900 1762 935 1817 ut
947 1757 1182 1836 evenianstque
1196 1755 1267 1818 inde
1278 1753 1450 1818 concludite

170 1850 273 1915 diensi
293 1855 448 1934 Episcopo
471 1857 638 1938 rescripsit,
660 1860 714 1937 qui
736 1860 784 1920 vi·
842 1875 978 1919 «casum
1001 1859 1052 1937 qui
1079 1876 1182 1920 revera
1206 1857 1358 1936 contingit
1381 1874 1452 1916 cuna

170 1950 302 2015 debatur
324 1955 361 2017 ad
384 1956 479 2018 instar
506 1957 654 2038 privilegii
677 1958 783 2022 huius·
843 1977 1033 2034 »esse,cum
1046 1958 1388 2022 Perochusduashabet
1401 1975 1453 2036 pa-

172 2054 258 2115 anndi
282 2054 458 2119 iacuitaiem
475 2053 642 2122 concedere
659 2087 672 2112 ι
689 2062 787 2140 Super
843 2087 855 2111 ·
875 2060 1034 2123 roobiae...
1045 2063 1179 2140 itemque
1191 2059 1229 2123 de
1242 2058 1451 2134 dioecesibus,

179 2181 196 2206 ο
213 2153 343 2218 licentiis
360 2157 409 2220 bis
428 2159 617 2236 celebrandi,
636 2179 672 2223 ac
691 2179 786 2240 pecu·

175 2281 192 2307 ·
208 2256 276 2335 niis,
287 2274 364 2336 quae
376 2259 561 2338 prodieram
574 2261 784 2339 expeditione,

176 2381 192 2408 a
207 2363 243 2420 ut
260 2360 421 2439 assentur,
447 2361 631 2440 soivuninr,
659 2364 786 2425 miratur

180 2460 238 2521 νδ.
262 2460 466 2540 Congrcgatio
483 2465 533 2541 agi
556 2463 595 2525 dc
617 2463 665 2524 his
690 2463 786 2526 licen-

174 2588 190 2614 ι
206 2563 256 2624 tiis
268 2562 485 2626 concedendis.
508 2567 584 2628 iiam
605 2567 638 2628 id
665 2569 785 2630 nonnisi

174 2692 191 2718 ·
207 2683 244 2727 ex
262 2681 370 2744 magna
384 2668 518 2745 cautela,
531 2674 566 2729 ut
577 2675 651 2747 puta
664 2669 693 2730 in
709 2669 785 2732 locis

842 2187 855 2213 ·
870 2163 901 2222 in
917 2160 1041 2240 quibus,
1054 2162 1102 2223 vei
1118 2160 1159 2223 ob
1177 2161 1315 2223 iocorum
1334 2159 1451 2220 distan-

843 2263 947 2324 -tiam
970 2263 1016 2324 rei
1040 2263 1081 2324 ob
1105 2265 1288 2342 paucitatem
1302 2259 1453 2323 Sacerdo-

842 2389 856 2416 »
873 2370 958 2439 tum,
981 2371 1034 2426 aut
1058 2365 1279 2427 haereticorum
1308 2369 1361 2425 aut
1382 2363 1453 2422 inii·

837 2460 857 2519 ἰ
872 2464 985 2528 delium
1010 2468 1271 2546 persecutionem,
1290 2481 1329 2526 ne
1348 2462 1454 2526 fideles

843 2595 856 2620 ι
873 2569 962 2630 Missa
974 2576 1111 2647 careant,
1127 2586 1208 2648 opus
1221 2573 1266 2628 est
1280 2585 1297 2628 a
1312 2563 1454 2628 sacerdo·

843 2695 855 2720 υ
872 2669 955 2731 tibus
968 2668 1043 2732 duas
1057 2671 1161 2732 Missas
1176 2667 1356 2731 celebrari.»

175 2793 193 2821 ο
208 2765 260 2829 nbi
275 2769 502 2847 perpaucissimi
515 2775 587 2830 sunt
598 2769 784 2851 secerdotes,
905 2773 941 2832 Et
957 2771 995 2834 ad
1013 2787 1075 2835 rena
1096 2772 1190 2835 aiiert
1211 2769 1306 2832 verba
1328 2768 1452 2831 conciiir

175 2895 192 2922 ·
209 2867 256 2932 vei
276 2867 377 2932 sdsint
399 2869 617 2950 impedimenta
641 2871 785 2934 aduersa·
838 2873 981 2935 Nemonsi
1008 2874 1128 2938 habitae
1154 2871 1213 2934 sub
1239 2872 1372 2934 Martino
1395 2871 1450 2931 iv.

171 2997 190 3025 a
207 2971 325 3033 riorum
347 2969 420 3034 fidei
444 2971 490 3033 rel
513 2971 588 3051 quid
611 2972 770 3035 simite...·
838 2992 890 3035 an.
914 2973 1005 3052 1284,
1023 2976 1056 3037 in
1080 2991 1145 3055 qno
1166 2977 1315 3036 statutnrn
1333 2979 1397 3034 eet:
1421 2975 1453 3034 si

224 3072 788 3153 liciicittcrtiamdesumptamexcon-
837 3094 932 3136 omnes
960 3078 1133 3154 perueniant
1160 3075 1201 3136 od
1226 3091 1313 3136 usam
1334 3078 1451 3136 dissona

169 3175 353 3254 suetudine,
370 3192 449 3255 qnae
465 3179 496 3238 in
512 3175 571 3239 hec
587 3179 710 3240 materia
724 3195 786 3239 non
836 3180 925 3239 aimei
938 3197 994 3240 non
1010 3186 1132 3258 pumat
1150 3183 1308 3253 coscenue,
1327 3196 1360 3238 oo
1375 3179 1453 3255 qnod

165 3282 273 3358 potest
294 3276 406 3340 habere
427 3295 525 3358 neque
549 3279 611 3340 siro
635 3283 786 3358 praescri·
837 3281 997 3341 indisertis
1012 3280 1222 3342 ioeudnditcnt
1231 3279 1453 3340 distentidasnd

174 3379 307 3460 ptivam,
324 3397 424 3460 neque
440 3381 500 3442 vin
515 3383 783 3461 praesumptivum.
836 3382 964 3442 Ecclesia
978 3389 1006 3442 et
1018 3384 1143 3455 remotis,
1159 3385 1234 3440 sicut
1245 3388 1286 3440 eat
1297 3382 1329 3440 ia
1339 3387 1453 3439 montc-

233 3483 280 3544 Ex
299 3498 403 3546 orans
419 3499 461 3544 ue
480 3484 510 3544 S.
521 3484 638 3546 Missua
657 3486 782 3548 Saccas.
836 3488 891 3558 sia,
902 3501 952 3543 nec
963 3491 1029 3543 mni
1039 3487 1070 3542 ta
1079 3482 1209 3542 Ecclesia
1221 3483 1278 3542 dno
1287 3481 1452 3542 werdone

172 3583 297 3646 Eavcrc
307 3601 387 3664 quae
398 3583 436 3646 ad
448 3603 511 3647 rem
527 3587 655 3647 maxime
669 3586 786 3650 iaciunt
836 3592 865 3644 et
877 3586 954 3645 dieto
964 3589 1062 3662 primu
1078 3583 1451 3662 ceremonensem-

165 3703 206 3748 ex
220 3703 315 3766 opere
334 3685 372 3748 de
387 3687 586 3749 Sacrossncto
606 3689 712 3752 tiissae
736 3707 785 3750 sa·
836 3687 964 3747 rernm
992 3691 1134 3746 uenientes
1153 3687 1302 3763 portoient
1333 3685 1452 3744 unum

169 3785 310 3867 crificio,
338 3787 412 3850 irasc
427 3805 462 3850 es
478 3790 577 3869 capite
592 3791 702 3869 quinto
719 3808 785 3853 esse
834 3791 924 3850 ctiam
948 3790 1101 3850 cakorni.
1134 3790 1239 3850 Temen
1259 3791 1285 3846 si
1305 3789 1337 3846 ia
1352 3791 1453 3864 prima

166 3887 783 3954 videntur.Reiicitiid'ontiiexnonnul·
836 3894 924 3952 iliaco
936 3897 1004 3967 port
1025 3891 1212 3968 receptionem
1236 3889 1372 3966 Cor-puis
1420 3896 1448 3947 et

167 3990 436 4072 iasnimisampIas
449 3995 635 4072 scriptorum
657 4001 782 4058 senten·
834 3995 1004 4069 Scnpniar's,
1018 3991 1213 4069 profusionem
1229 3997 1380 4068 occeperit,
1395 4008 1453 4050 non

166 4094 243 4172 tias,
266 4093 320 4172 qui
344 4111 430 4156 cesus
453 4097 628 4174 excogitant
650 4096 782 4160 iterandi
833 4095 917 4154 dedet
940 4094 1092 4154 secandum
1113 4095 1234 4153 Missam
1249 4093 1281 4151 ia
1291 4091 1452 4170 praedictis

172 4195 294 4256 Missam
306 4195 540 4275 inquibusrera
552 4200 783 4261 necoesitnsnon
834 4198 946 4256 carious
965 4197 1121 4256 σείιὸνανσ.

169 4295 368 4377 recidentur,
398 4299 571 4363 cuiusmodi
599 4308 672 4364 snut
697 4319 783 4364 casm
900 4299 934 4359 ln
951 4299 1050 4378 capite
1066 4313 1141 4358 vero
1157 4301 1241 4358 sexto
1254 4291 1301 4378 (1)
1314 4292 1450 4357 eiusdem

235 4426 274 4499 (1)
295 4429 351 4483 Hoc
368 4437 449 4498 capnt
466 4435 483 4485 6
501 4430 567 4486 citat
590 4432 618 4486 s.
635 4431 790 4502 sipironsus
816 4436 846 4487 tn
873 4429 921 4484 tto.
941 4431 985 4484 lv.
1005 4431 1091 4486 tract.
1112 4428 1162 4484 iii.
1180 4429 1216 4484 de
1240 4425 1329 4484 Euri.
1350 4443 1414 4496 rep.
1436 4432 1452 4479 ³

169 4527 201 4569 n.
219 4516 271 4570 att
287 4511 334 4569 nbi
352 4513 492 4585 inperarans
509 4516 536 4572 in
555 4529 608 4586 qua
626 4519 783 4577 mentiare
807 4517 886 4572 licant
908 4523 979 4570 extro
1002 4512 1142 4570 accidiam
1162 4513 1317 4580 celebrnra,
1341 4525 1454 4583 respon·
