3248 5004
491 415 655 465 restatur.
673 418 703 465 ta
720 418 845 465 tarsen.
864 419 901 464 er
921 419 1009 464 aaut.
1029 417 1103 466 rator
1378 384 1424 456 Ἀ

148 539 251 607 tum,
268 526 310 596 ad
329 523 469 596 tertium
487 523 609 596 deinde
625 522 855 596 descendebat
871 523 1015 595 dubium
1040 520 1228 616 implorans
1244 541 1264 590 a
1279 516 1316 588 S.
1334 513 1423 587 Sede

148 633 278 704 saltem
302 628 595 723 dispensationem
638 651 681 701 ex
707 651 811 721 supra
834 628 991 719 allegatis
1014 627 1148 707 causis,
1167 647 1210 696 ex
1226 621 1423 694 conditione

153 737 327 832 praesenti
351 737 387 806 in
412 757 480 828 qua
504 735 618 805 Titius
642 735 831 828 reperitur,
857 733 1043 828 propositis
1070 731 1106 802 S.
1123 729 1164 802 C.
1182 727 1259 800 aliis
1285 728 1424 820 dispen-

152 845 299 916 sationis
322 863 506 914 concessae
528 839 711 932 exemplis.

227 949 380 1021 Dersasto
400 938 608 1016 rnoresstoms
625 969 799 1016 nsurcrosae
818 969 920 1026 ouum
938 969 1051 1015 nnruuu
1070 939 1284 1014 nactum-E
1303 951 1422 1010 contra

154 1055 322 1127 Defensor
353 1051 546 1144 Religiosae
577 1051 802 1144 professionis
833 1052 868 1122 in
905 1074 1028 1124 causae
1056 1049 1180 1122 merito
1212 1046 1426 1119 contendens

151 1160 269 1230 locum
285 1181 355 1229 non
373 1155 502 1228 babere
526 1156 733 1230 beneficium
757 1156 990 1229 restitutionis
1007 1156 1041 1225 in
1064 1155 1259 1246 integrum,
1276 1163 1312 1223 et
1329 1173 1427 1245 prae

156 1266 302 1334 mittens
325 1273 465 1355 praeter
480 1260 714 1333 Tridentinam
731 1261 966 1344 sanctionem,
984 1261 1017 1333 id
1039 1260 1130 1353 quod
1154 1256 1332 1330 Benediot.
1352 1251 1426 1326 lllV

153 1368 344 1440 declaravit
368 1367 404 1436 in
429 1379 540 1438 const.
561 1365 599 1440 st
615 1366 729 1438 datam
753 1368 886 1440 seilicet
905 1389 1076 1440 uomnem·
1097 1365 1229 1436 editum
1254 1362 1296 1431 ad
1321 1361 1428 1432 recla-

156 1501 175 1540 a
195 1474 361 1544 mandum
385 1471 549 1566 professis
573 1473 800 1546 interclusum
825 1497 957 1547 esse...
972 1485 1051 1569 post
1075 1471 1228 1564 quinque
1252 1489 1360 1538 annos
1384 1466 1428 1536 ab

158 1579 323 1649 sernissa
347 1576 626 1669 professione3a
661 1579 792 1652 etenim
824 1591 864 1650 ut
895 1577 1057 1651 observat
1092 1574 1316 1646 lleiiienstuel
1351 1570 1374 1640 l.
1407 1573 1428 1642 3

149 1683 209 1749 tit.
238 1683 277 1752 3¹
306 1704 343 1752 a.
369 1685 433 1752 20l
460 1681 548 1752 deer.
578 1683 698 1754 talias
722 1705 791 1754 non
816 1682 1016 1756 obviaretur
1039 1679 1179 1760 litibus,
1207 1701 1270 1750 nec
1294 1676 1430 1770 religio·

156 1809 176 1850 n
196 1811 257 1858 nes
292 1787 482 1881 gauderent
515 1787 794 1880 tranquillitate,
827 1789 917 1882 quod
951 1787 1018 1859 luit
1050 1786 1232 1881 praecipua
1264 1805 1363 1854 mens
1394 1795 1429 1852 et

156 1918 177 1958 a
198 1895 345 1966 intentio
363 1893 555 1964 Tridentini
567 1920 600 1976 ,a
619 1893 806 1966 adnotabat
821 1895 1093 1989 praeterlapsum
1110 1893 1230 1973 luisse,
1247 1913 1315 1961 non
1332 1889 1431 1982 quin·

151 2001 348 2090 quennium
379 2011 539 2080 tantum,
565 1999 624 2072 sed
653 2000 716 2071 triu
741 2003 880 2074 circiter
911 2000 1145 2094 quinquennia
1171 2021 1191 2068 a
1215 1997 1430 2089 professione

151 2106 283 2174 emissa
308 2105 351 2175 ad
376 2105 524 2196 primam
549 2105 843 2179 reclamationem.
872 2107 1036 2194 Quamvis
1060 2119 1177 2177 autem
1203 2103 1260 2174 ille
1285 2103 1344 2195 qui
1371 2103 1432 2171 im·

156 2210 297 2304 peditus
313 2221 368 2282 est
386 2208 540 2300 legitime
563 2209 654 2280 intra
679 2211 972 2304 quinquennium,
998 2210 1153 2301 allegatis
1178 2207 1301 2278 deinde
1318 2207 1432 2277 causis

157 2313 398 2408 impedimenti
422 2313 585 2406 legitimi,
613 2316 749 2386 restitui
775 2317 884 2407 possit
893 2339 904 2400 3
934 2316 1114 2388 Reiffenst.
1132 2312 1156 2383 l.
1180 2317 1192 2381 l
1214 2313 1266 2381 tit.
1286 2315 1325 2380 at
1348 2311 1378 2400 §.
1398 2316 1428 2389 l,

160 2433 275 2490 tamen
294 2418 519 2510 inpraesenti
544 2419 718 2500 themate,
737 2419 933 2490 huiusmodi
958 2443 1078 2491 causas
1102 2417 1215 2490 aiebat
1231 2415 1429 2488 desiderari.

156 2523 271 2594 Causa
295 2524 389 2594 enim
413 2525 498 2596 baec
522 2548 591 2596 non
616 2536 670 2596 est
694 2525 779 2595 iuris
802 2525 990 2616 ignoratis,
1015 2545 1103 2616 quae
1128 2545 1196 2594 non
1220 2521 1429 2593 admittitur.

160 2627 278 2720 Neque
294 2626 453 2699 deiectus
476 2629 671 2701 studiorum
688 2643 724 2702 et
740 2629 918 2711 culturae,
945 2651 1056 2722 neque
1081 2629 1146 2700 loci
1171 2627 1335 2697 distantia
1359 2623 1433 2694 elu-

152 2730 240 2802 dere
264 2744 432 2824 possum,
457 2753 546 2825 quae
562 2733 638 2805 iure
654 2746 736 2804 sunt
759 2735 902 2806 sancita.
923 2734 1055 2806 Aetatis
1072 2735 1212 2827 insuper
1229 2732 1342 2803 Titius
1358 2742 1433 2802 crat

157 2835 344 2925 qua,intra
367 2834 509 2928 longum
534 2837 687 2932 quinque
710 2861 880 2910 annorum
906 2841 1080 2933 spatium,
1107 2837 1289 2912 consilium
1313 2850 1433 2930 petere

159 2938 204 3008 ab
220 2937 367 3010 eruditis
382 2939 466 3011 viris
489 2939 589 3014 facile
613 2943 795 3034 potuisset.
823 2942 941 3037 Neque
965 2946 1117 3016 carentia
1141 2943 1333 3015 mediorum
1350 2941 1435 3012 alle·

156 3045 233 3136 gari
258 3045 372 3128 valet,
389 3069 469 3117 cum
493 3047 585 3118 intra
608 3048 692 3119 illud
718 3050 868 3142 spatium
894 3051 1066 3144 potuisset
1089 3049 1237 3143 simplici
1262 3048 1434 3141 supplica·

160 3150 257 3221 tione
281 3163 318 3223 et
341 3149 559 3244 querelarum
593 3152 807 3224 enarratione
839 3153 1014 3237 exhibitu,
1039 3165 1114 3225 tum
1139 3153 1320 3226 Ordinario
1344 3152 1432 3231 loei,

161 3269 237 3326 tum
257 3254 501 3350 Superioribus
533 3257 766 3351 regularibus,
799 3259 873 3332 sine
906 3261 1067 3354 expensis
1100 3259 1200 3331 facile
1224 3257 1435 3342 reclamare;

157 3359 216 3432 rel
241 3363 269 3431 si
295 3374 394 3434 extra
417 3361 622 3434 coenobium
638 3363 780 3447 luisset,
801 3365 991 3437 subiciebat
1008 3378 1047 3436 ut
1064 3387 1184 3459 preces
1199 3364 1240 3434 ad
1258 3365 1294 3434 S.
1309 3363 1434 3435 Sedem

159 3465 343 3537 dumtaxat
366 3466 544 3551 mitteret,
569 3467 696 3561 quibus
720 3469 811 3540 actio
835 3470 1117 3562 perpetuabatur.
1143 3469 1276 3557 Quibus
1299 3468 1435 3541 levibus

160 3572 254 3641 euris
279 3594 348 3641 non
372 3571 521 3657 babitis,
547 3571 795 3656 concludebat,
822 3574 987 3645 indicium
1012 3577 1098 3646 satis
1122 3597 1223 3668 grave
1252 3573 1366 3645 enasci
1392 3572 1435 3642 de

159 3677 340 3769 expiscata
371 3689 492 3771 postea
525 3703 628 3752 causa
658 3679 847 3764 nullitatis,
875 3693 908 3753 et
942 3680 1078 3754 aliunde
1111 3681 1359 3775 potiusquam
1391 3701 1435 3748 ex

160 3783 301 3876 propria
326 3783 496 3856 nullitutis
519 3787 753 3880 persuasione.

233 3885 345 3972 Quen
370 3911 528 3960 seeunnus
557 3915 684 3961 nuntuu.
701 3889 957 3983 -Suppositis
990 3903 1167 3984 praeterea
1199 3890 1304 3962 etiam
1336 3888 1436 3958 iustis

160 3993 275 4063 causis
291 4009 433 4089 propter
444 4015 531 4087 quas
544 3994 659 4065 Titius
675 3991 860 4066 reclamare
879 4017 946 4064 non
964 3996 1117 4088 potuerit
1134 3993 1434 4088 (prosequebatur)

162 4109 241 4190 post
257 4097 551 4171 constitutionem
568 4097 606 4168 st
616 4098 744 4178 darana
761 4119 844 4169 tunc
862 4099 1063 4170 conceditur
1086 4099 1121 4168 in
1147 4101 1319 4191 integrum
1339 4098 1439 4169 resti·

158 4204 273 4286 cutio,
291 4227 371 4276 cum
388 4204 479 4276 clara
497 4205 544 4275 ita
560 4218 725 4298 appareat
743 4203 901 4297 probatio
918 4206 1110 4290 nullitatis,
1129 4217 1169 4276 ut
1185 4205 1243 4275 illa
1260 4225 1436 4284 consessa,

155 4323 344 4382 censeatur
367 4331 470 4381 causa
495 4308 603 4381 veluti
629 4308 790 4393 delinita3
815 4332 919 4402 quam
946 4309 1074 4380 claram
1099 4310 1337 4405 probationem
1361 4307 1434 4378 nul·

159 4415 270 4494 litatis
301 4411 534 4485 contendebat
566 4411 755 4485 nullimode
781 4415 915 4485 adduci.
945 4415 1001 4485 Vis
1034 4416 1126 4487 enim
1152 4427 1188 4487 et
1212 4427 1326 4487 metus
1357 4433 1438 4484 eum
