3248 5004
321 449 461 499 linunt!
478 447 605 496 OBSERV.
621 447 648 494 S·
669 447 777 493 tutat.
795 439 889 490 suren
906 435 1022 485 lllllbb·
1042 437 1071 484 ΙΝ
1089 435 1147 480 vus
1163 432 1255 482 ΡΕΙΙ.
1374 411 1419 482 35

145 555 314 630 nicndum
339 567 416 637 est3
440 551 543 622 datur
566 549 742 623 Fratribus
766 545 901 618 occasio
927 540 1091 634 vagandi3
1118 539 1305 631 exponitur
1328 536 1416 609 Ordo

146 661 327 754 Regularis
351 657 678 730 subsannationibus
702 676 821 728 corum
845 651 903 744 qui
928 648 1030 720 simul
1055 647 1090 717 in
1115 643 1273 716 curribus
1297 644 1416 717 iisdem

146 766 382 848 invehantur,
415 762 520 854 idque
550 762 659 854 magis
688 761 783 830 hisce
816 753 1050 848 temporibus,
1082 750 1210 844 quibus
1240 748 1417 841 Regularia

145 869 287 941 babitus
309 867 447 942 inlestis
467 866 580 936 oculas
603 865 826 957 conspicitur.

219 973 434 1045 Osrccrrorus
458 993 655 1040 socurrosas.
679 1007 723 1020 -
744 968 872 1040 Verum
896 967 980 1037 haec
1008 962 1144 1035 obiecta
1168 961 1218 1031 sic
1241 959 1419 1032 dilueban-

146 1090 216 1150 tur.
242 1075 530 1172 Respondebatur
554 1075 648 1146 enim
671 1072 714 1144 ad
737 1073 920 1166 primum,
957 1071 1058 1163 finem
1090 1064 1172 1160 lepis
1202 1088 1268 1136 nou
1299 1066 1420 1138 cadere

144 1182 207 1254 sub
227 1182 353 1277 leperu:
377 1181 536 1273 quamvis
560 1179 677 1270 itaque
707 1176 878 1271 triplicem
903 1175 1000 1245 illum
1025 1173 1129 1242 finem
1154 1170 1190 1241 S.
1216 1169 1418 1244 Franciscns

145 1289 212 1359 sibi
230 1286 461 1382 proposuerit,
479 1308 546 1357 non
566 1285 693 1355 idcirco
709 1283 775 1354 dici
796 1282 899 1353 debet
915 1282 950 1350 in
968 1279 1191 1372 equitationis
1215 1278 1418 1350 interdictae

144 1407 370 1488 praeceptum
403 1389 470 1462 labi
504 1390 561 1463 ille
586 1389 727 1472 Frater,
752 1390 811 1481 qui
836 1387 1016 1458 commode
1053 1385 1223 1457 laetanter
1254 1385 1418 1457 iucunde·

143 1523 235 1593 que,
252 1521 332 1570 cum
356 1498 545 1570 honorifica
569 1497 736 1568 comitatu
760 1496 827 1564 iter
852 1493 1010 1586 pedestre
1034 1491 1211 1562 conficiat:
1231 1503 1306 1563 esto
1326 1492 1417 1584 quod

143 1629 189 1676 ex
214 1605 279 1674 alia
304 1626 405 1674 causa
431 1612 613 1694 peccatum
638 1623 706 1672 non
731 1599 883 1691 effugiat.
903 1596 949 1668 Et
966 1598 1000 1667 in
1017 1595 1176 1669 curribus
1199 1596 1414 1688 vaporiferis,

143 1710 205 1779 ubi
232 1709 329 1780 sedes
355 1708 572 1779 diversorum
606 1706 773 1798 graduum
805 1703 987 1773 distinctae
1019 1712 1120 1783 sunt,
1155 1700 1278 1772 saltem
1310 1702 1417 1774 relate

143 1813 190 1883 ad
206 1813 290 1882 alios
314 1811 523 1896 saeculares,
543 1810 737 1903 Religiusus
760 1809 932 1903 triplicem
958 1808 1054 1880 iilum
1079 1810 1182 1881 tinem
1204 1810 1417 1902 paupertatis

143 1916 352 1988 hamilitatis
370 1917 648 1989 mortificationis
675 1916 832 1988 obtinere
860 1937 959 2009 posse
987 1937 1056 1986 non
1081 1911 1294 2008 prohibetur.

216 2022 269 2093 Ad
293 2021 437 2094 alteram
462 2023 690 2096 abiectionem
716 2019 988 2115 respondebatur
1019 2020 1131 2092 cidem
1164 2019 1277 2090 locum
1314 2041 1414 2101 esse,

141 2148 225 2198 cum
248 2151 305 2198 res
328 2127 439 2198 maior
460 2128 504 2199 ad
529 2127 620 2200 idem
644 2149 755 2218 genus
778 2128 925 2210 attinet,
943 2127 986 2199 ad
1009 2147 1113 2220 quam
1138 2127 1264 2197 attinet
1289 2127 1413 2196 minor:

142 2233 195 2304 sic
218 2233 348 2326 bigatia
371 2242 408 2302 et
423 2232 638 2326 quadrigatio
663 2231 816 2304 eiusdem
841 2233 975 2324 generis
992 2243 1044 2303 est
1061 2253 1100 2302 ac
1117 2231 1297 2323 equitatio,
1316 2232 1418 2302 adeo-

140 2360 211 2429 que
229 2339 370 2409 minime
395 2337 562 2429 permissa
586 2349 778 2431 reputatur.
806 2338 917 2410 Aliter
941 2349 1057 2410 tumen
1083 2349 1156 2418 est,
1174 2358 1254 2406 cum
1271 2359 1326 2408 res
1343 2339 1417 2430 ipsa

140 2443 267 2515 diversi
294 2443 429 2534 generis
444 2442 490 2512 sit
496 2464 508 2527 ;
525 2452 562 2514 et
579 2463 661 2514 saue
684 2441 858 2536 navigatio
874 2443 915 2514 ad
935 2439 1216 2535 praeceptumde
1234 2464 1301 2512 non
1320 2444 1418 2536 equi-

141 2547 250 2618 tando
273 2545 366 2616 baud
398 2547 570 2639 pertinet,
604 2547 758 2640 adeoque
782 2549 847 2618 sub
872 2547 1066 2619 huiusmodi
1099 2561 1322 2643 praeceptum
1348 2569 1416 2618 nnn

140 2653 266 2724 cadere
290 2655 520 2725 communiter
543 2653 669 2726 docent
692 2655 929 2748 Expositores.

215 2756 331 2831 Tertia
347 2759 497 2830 obiectio
513 2758 624 2844 valet,
642 2762 780 2854 quando
796 2761 888 2831 inter
903 2772 1090 2854 utrumque
1114 2773 1229 2832 actum
1247 2758 1296 2829 nil
1312 2759 1416 2832 medii

140 2872 218 2944 est,
244 2861 353 2934 veluti
378 2885 447 2934 non
473 2876 527 2934 cst
550 2865 643 2936 inter
664 2866 776 2937 otium
795 2878 832 2938 ct
855 2863 1029 2937 laboremz
1049 2877 1183 2936 atvero
1208 2864 1299 2934 inter
1322 2865 1419 2959 cqui-

140 2967 308 3038 tatiouem
326 2981 363 3039 et
378 2967 574 3060 pedestrem
600 2970 743 3042 itionem
768 2971 865 3043 adest
889 2971 1084 3064 navigatio,
1101 2992 1189 3062 quac
1208 2983 1322 3043 tamen
1340 2993 1419 3064 pro·

138 3069 250 3144 bibita
274 3095 345 3146 aon
371 3083 441 3156 est,
469 3084 508 3144 at
532 3075 722 3146 innuimus.

209 3175 310 3250 Circa
334 3177 495 3250 ultimam
519 3180 751 3254 abiectionem
776 3180 1024 3254 observabatur
1046 3182 1131 3252 nihil
1156 3204 1232 3254 esse
1249 3181 1283 3252 in
1301 3203 1419 3253 rerum

137 3294 288 3365 natura,
313 3282 405 3375 quod
430 3283 656 3358 incommodis
671 3298 707 3358 ct
723 3285 889 3357 abusibus
913 3287 1004 3358 viam
1025 3299 1180 3359 sternere
1196 3308 1266 3358 non
1291 3286 1416 3377 possit,

137 3387 170 3456 si
194 3387 332 3460 debitae
355 3391 534 3462 cautiones
557 3391 794 3486 negliganturz
821 3393 901 3463 lruic
925 3392 1068 3485 provide
1093 3415 1155 3486 pro
1183 3391 1272 3462 virili
1298 3413 1417 3462 curan·

137 3490 224 3562 dum
255 3507 333 3578 est,
359 3505 399 3564 ut
423 3496 640 3568 incommoda
663 3497 693 3567 si
717 3517 806 3590 quac
838 3497 909 3567 siat
932 3510 1157 3590 reparentur,
1190 3509 1295 3589 atque
1331 3495 1415 3568 adeo

139 3599 254 3690 quoad
280 3598 354 3670 lleri
380 3614 496 3693 potest
518 3615 802 3696 praecaveantur.

699 3782 840 3838 nubta.

206 3916 233 3988 l.
255 3919 342 3991 «Aa
366 3919 464 3992 locas
487 3919 534 3991 sit
558 3918 661 3992 alicui
685 3921 922 4015 providentiae
946 3920 1036 3993 cirea
1060 3921 1232 3994 adsertam
1260 3923 1415 3997 inobser-

137 4024 329 4095 rrantiam
354 4024 507 4118 Regulus
531 4025 567 4096 in
592 4047 730 4118 genere,
748 4049 788 4098 ac
812 4027 1019 4098 nominatim
1044 4049 1148 4120 super
1171 4028 1414 4101 calceamentis

138 4149 214 4196 arn
239 4150 358 4200 casu.»

206 4230 250 4304 ll.
272 4235 360 4305 «Aa
384 4246 421 4306 et
444 4234 616 4328 quomodo
649 4259 734 4308 usas
763 4259 928 4310 curruum
953 4236 989 4308 in
1015 4238 1079 4309 viis
1110 4239 1246 4312 lerratis
1276 4243 1414 4333 vaporis

137 4337 310 4432 »impetu
334 4341 534 4412 adactorum
561 4341 738 4414 Fratribus
762 4343 951 4416 Minoribus
974 4342 1247 4417 Observantibus
1267 4347 1414 4441 permis-

136 4463 235 4514 »sas
258 4446 306 4516 sit
330 4446 367 4516 in
391 4468 516 4518 casu.»
