3248 5004
626 970 757 1042 URBlS
783 969 841 1041 ET
867 968 998 1042 GRBlS

211 1087 241 1134 rr
263 1077 370 1151 ιριιιιι
385 1086 461 1138 reor.

245 1231 431 1304 Dscnsroa.
454 1233 712 1328 aQuamplures
724 1233 870 1305 Romani
888 1231 979 1304 Cleri
997 1233 1215 1314 Sacerdotes,
1233 1255 1271 1302 ac
1288 1252 1446 1324 praescr·

173 1336 239 1407 tim
256 1338 458 1410 Animarum
482 1338 669 1410 Curatores
692 1338 837 1408 dubium
861 1337 941 1408 huic
965 1337 1089 1408 Sacrae
1114 1336 1374 1430 Congregatipni
1395 1334 1445 1402 ln-

176 1443 362 1536 dulgentiis
385 1443 566 1538 Sacrisque
591 1443 759 1536 Reliquiis
782 1444 998 1536 praepositae
1023 1443 1239 1514 enodandum
1263 1462 1445 1535 pmposue·

176 1563 258 1619 runt
277 1576 292 1616 ιι
305 1550 450 1633 Utrum,
477 1551 630 1632 scilicet,
656 1549 821 1620 Sacerdos
845 1547 1023 1620 celebrans
1040 1549 1075 1617 in
1093 1547 1200 1619 Altari
1226 1546 1443 1637 Privilegiato

176 1651 320 1746 legendo
351 1655 488 1727 Missam
511 1656 554 1728 de
580 1655 682 1727 Festo
712 1653 955 1746 semiduplici,
981 1652 1159 1746 Simplici,
1187 1654 1363 1734 votivam,
1390 1649 1442 1723 rel

174 1757 218 1830 de
243 1758 342 1830 Fer-ia
365 1782 433 1830 non
459 1759 690 1852 privilegiata,
722 1759 795 1829 sive
826 1759 958 1828 ratione
983 1760 1209 1851 expositionis
1231 1757 1443 1829 Sanctissimi

173 1863 410 1948 Sacramenti,
437 1854 700 1938 sive'Stationis
725 1863 920 1946 Ecclesiae,
948 1863 1001 1934 rel
1027 1864 1170 1936 alterius
1194 1864 1442 1940 solemnitatis,

175 1983 236 2040 aut
261 1993 304 2041 ex
328 1970 523 2042 rationabili
550 1972 680 2042 motivo
705 1970 839 2041 lruatur
863 1970 1040 2063 privilegio
1058 1993 1096 2042 ac
1113 1973 1142 2042 si
1159 1971 1287 2064 legeret
1308 1969 1442 2040 Missam

174 2075 218 2146 de
244 2075 376 2168 Requie
400 2099 462 2170 per
486 2077 654 2148 Rubricas
678 2101 719 2148 eo
743 2078 799 2149 die
823 2073 1082 2170 permissami»

247 2181 383 2252 «Sacra
408 2183 524 2274 itaque
541 2181 792 2276 Congrogatio,
818 2205 906 2276 quae
930 2182 1047 2252 habita
1072 2183 1138 2253 suit
1162 2184 1252 2275 apud
1267 2183 1445 2254 Vaticanas

173 2285 276 2356 aedes
300 2286 357 2358 die
372 2289 415 2355 29
433 2285 597 2358 Februari
627 2293 715 2360 1864
741 2288 867 2359 auditis
891 2285 1138 2357 Consultorum
1164 2288 1280 2372 Votis,
1307 2309 1446 2382 respon-

170 2390 323 2461 dendum
350 2414 424 2463 esse
449 2391 550 2461 duxit
578 2393 840 2488 «Affirmativc,
864 2389 981 2461 deletis
1014 2406 1127 2463 tamea
1152 2393 1259 2464 verbis
1318 2406 1378 2464 aut
1402 2416 1445 2462 ex

174 2494 369 2564 rationabili
395 2497 526 2568 motivo
577 2513 609 2568 ct
625 2499 713 2594 [acto
737 2496 834 2568 verbo
857 2519 933 2566 cam
960 2495 1205 2569 sanctissimos
1225 2499 1328 2570 Facta
1354 2501 1446 2568 insu·

174 2621 235 2690 per
260 2622 324 2692 per
337 2622 392 2670 me
406 2601 663 2694 infrascriptum
681 2604 834 2676 eiusdem
851 2601 887 2672 S.
901 2602 1184 2694 Congregationis
1198 2603 1443 2687 Secretvarium,

174 2708 379 2777 Sincrrssran
403 2705 527 2778 Doarrro
553 2708 683 2780 Nosrrn
707 2708 872 2782 relatione
905 2710 939 2778 in
965 2709 1148 2780 Audientia
1172 2711 1239 2781 diei
1261 2715 1297 2778 ll
1321 2707 1446 2802 Aprilis

171 2810 328 2883 eiusdem
354 2813 456 2894 anni,
482 2810 656 2884 Sasernas
672 2815 736 2886 Sm
757 2813 1119 2886 Eminentissimorum
1136 2813 1277 2885 Patrum
1302 2815 1448 2887 Senten-

174 2917 259 2986 tiam
283 2913 431 3007 henigne
457 2916 708 2989 confirmavit„

248 3021 404 3091 «Datum
421 3019 551 3092 Romae
569 3046 612 3094 ex
629 3021 821 3095 Secretaria
845 3023 953 3116 ipsius
977 3021 1012 3093 S.
1034 3023 1318 3118 Congregationis
1334 3026 1448 3097 lndul·

172 3125 370 3216 gentianum
387 3124 443 3196 die
464 3129 500 3194 ll
523 3126 652 3218 Aprilis
674 3132 774 3199 ¹864.

364 3231 402 3302 F.
425 3233 589 3304 Aaromos
612 3233 717 3304 Μιιιιι
743 3237 846 3306 Gard.
865 3235 1060 3308 Pansarrnco
1083 3234 1296 3308 Praefectus.

173 3335 266 3410 Loco
281 3337 325 3424 ᾖ
342 3336 438 3430 Signi

905 3449 939 3502 Α.
957 3445 1097 3504 Coronae
1114 3446 1284 3501 Secretarius.

762 3599 857 3631 Ξ

302 3712 445 3767 votum
469 3716 721 3773 contemnant·
742 3723 786 3772 tn
807 3721 1086 3786 commentitum
1107 3723 1324 3778 redactum.

245 3857 458 3931 Observabat
488 3859 674 3935 Consultor
698 3887 765 3936 non
791 3889 868 3937 raro
893 3866 1070 3951 accidere,
1097 3881 1136 3938 ut
1160 3883 1314 3962 tempore
1343 3890 1446 3961 espo-

173 3963 311 4034 sitionis
326 3962 424 4034 ssmi
443 3963 657 4039 Sacramenti
676 3971 709 4038 in
728 3970 837 4042 forma
855 3973 1078 4064 quadraginta
1097 3975 1274 4058 irorarum,
1289 3975 1341 4046 vel
1362 3989 1448 4045 tem·

175 4093 259 4161 pore
274 4069 441 4140 Stationis
460 4070 493 4139 in
510 4072 623 4166 aliqua
641 4075 799 4160 ecclesia,
815 4091 974 4148 occurrat
990 4079 1141 4150 oflicium
1159 4081 1303 4152 alicuius
1315 4081 1445 4161 Sancti,

175 4175 263 4244 ritus
276 4174 511 4267 semiduplicis
529 4177 583 4248 vel
601 4180 769 4273 simplicis
787 4183 840 4252 vel
857 4181 961 4254 seriae
987 4207 1054 4255 non
1081 4186 1326 4278 privilegiatae.
1342 4185 1447 4255 Porro

173 4278 220 4349 ob
238 4279 300 4348 has
322 4279 534 4351 extrinsecas
559 4285 732 4369 rationes,
760 4288 987 4380 expositionis
1012 4312 1136 4382 nempr¹
1161 4304 1197 4363 et
1221 4290 1450 4362 solemnitatis

172 4383 355 4465 Stationis‚
369 4384 423 4456 vel
441 4407 509 4456 non
528 4386 609 4459 licet
627 4391 680 4461 vel
704 4415 770 4462 non
788 4392 888 4464 (lecet
903 4395 1076 4466 celebrare
1094 4396 1232 4466 llissam
1247 4396 1290 4467 do
1302 4397 1448 4488 llequie.

172 4487 288 4573 Quare
301 4512 379 4560 rum
392 4491 493 4562 llissa
507 4493 549 4565 de
561 4493 694 4587 lloqnie
706 4498 801 4568 hisce
813 4498 935 4570 dicbus
948 4502 1047 4588 (ritus
1061 4502 1292 4594 semiduplicis
1302 4501 1356 4572 vel
1368 4502 1452 4572 sim·
