3248 5004
499 563 831 641 ELEEMOSYMAE
858 559 1098 636 MlSShllUM.

190 797 228 847 π
247 791 320 846 usit
338 794 413 845 titii.
855 787 926 842 Seis.
940 791 973 839 22
986 791 1068 840 Decr.
1082 785 1182 840 drobi.
1195 784 1299 841 iuSnc.
1320 789 1397 841 Misi.

234 999 458 1058 sunnam
482 987 701 1080 saecundi)
728 985 917 1058 Occasione
929 987 1149 1058 resolutionis
1160 986 1373 1059 S.C.C.diei
1388 990 1431 1058 25

158 1094 367 1187 septembris
388 1100 476 1166 1858
494 1097 653 1189 superius
669 1094 860 1187 expositae,
878 1116 945 1187 qua
965 1093 1160 1165 declaratur
1177 1094 1431 1188 eleemosynam

155 1199 268 1291 recipi
292 1222 360 1273 nou
386 1225 488 1300 posse
513 1225 575 1294 pro
600 1200 831 1274 celebratione
859 1201 1029 1272 secundae
1061 1199 1208 1282 Missae,
1240 1200 1432 1293 Episcopus

155 1303 203 1374 N.
229 1306 314 1378 haec
337 1306 373 1377 S.
393 1305 434 1376 C.
454 1309 615 1401 exposuit
642 1307 713 1378 «ln
739 1305 857 1378 multis
887 1306 1060 1378 llioecesis
1093 1321 1230 1377 nostrae
1261 1307 1432 1398 parochiis

159 1436 178 1478 s
201 1413 358 1484 existunt
382 1412 613 1497 fundationes,
639 1437 728 1506 quae
753 1413 855 1506 vulgo
876 1413 1111 1509 primiscerioe
1127 1425 1294 1484 vocantur
1312 1412 1434 1506 (bene-

154 1542 177 1587 s
199 1518 276 1591 ficia
302 1531 338 1591 et
363 1519 532 1612 simplicia
556 1535 593 1594 et
616 1521 752 1614 curata)
779 1521 906 1614 quibus
930 1520 1105 1612 provisum
1131 1532 1201 1601 est,
1221 1532 1261 1589 ut
1285 1520 1433 1591 domini-

156 1651 177 1694 s
198 1625 250 1696 cis
274 1625 397 1697 diebus
421 1639 457 1698 et
481 1627 591 1710 festis,
612 1641 748 1722 praeter
763 1627 928 1721 quasdam
946 1625 1061 1708 ferias,
1080 1623 1223 1697 Sacrum
1240 1626 1434 1698 celebretur

158 1731 426 1802 »matutinum
452 1732 629 1808 Eiusmodi
656 1757 737 1807 vero
760 1733 990 1814 fundationes,
1017 1731 1062 1802 ob
1086 1733 1311 1824 exiguitatem
1345 1735 1434 1805 redi-

157 1861 178 1902 s
202 1848 300 1906 tunm
325 1853 361 1909 et
392 1841 573 1930 penuriam
591 1841 829 1921 Sacerdotem,
848 1838 1052 1932 plerumque
1075 1839 1215 1930 proprio
1240 1850 1360 1909 carent
1380 1861 1433 1909 sa·

158 1942 349 2014 scerdote.
377 1943 424 2015 Ut
448 1957 565 2018 antem
591 1947 700 2019 menti
729 1944 973 2025 fundatorum,
998 1955 1168 2035 quantum
1193 1945 1265 2016 fieri
1291 1955 1431 2037 potest,

158 2071 177 2114 s
198 2047 366 2130 satisfiat,
391 2049 536 2125 Parochi
561 2052 704 2124 obtenta
728 2050 869 2122 binaodi
892 2049 1079 2133 facultate,
1105 2050 1227 2122 diebus
1250 2052 1432 2123 dominicis

156 2177 177 2221 s
198 2167 234 2226 ct
250 2155 361 2239 festis,
379 2156 496 2228 binam
521 2159 641 2230 dicunt
667 2157 828 2242 Missam,
845 2156 989 2229 Sacrum
1011 2159 1215 2231 matutinale
1235 2169 1271 2231 et
1287 2157 1431 2229 Sacrum

158 2283 374 2334 »summum
406 2285 470 2356 pro
503 2264 650 2358 populo,
677 2277 713 2336 et
738 2265 772 2334 io
802 2277 949 2356 utroque
973 2261 1078 2335 Sacro
1110 2263 1259 2336 traditur
1289 2265 1431 2336 homilia

156 2368 269 2441 ssive
293 2368 479 2440 instructio
503 2370 754 2453 cathecbotica‚
780 2392 844 2463 pro
869 2393 937 2464 quo
960 2369 1125 2463 peculiari
1150 2371 1266 2443 labore
1283 2373 1357 2444 sive
1379 2373 1431 2442 in·

157 2498 176 2538 s
198 2474 349 2556 dustria,
371 2473 515 2546 Parochi
542 2476 718 2571 hucusque
744 2500 786 2550 ex
810 2477 980 2550 eiusmodi
1005 2477 1263 2550 fundationibus
1299 2492 1431 2551 certam

157 2603 177 2647 s
198 2581 395 2672 percipiunt
424 2583 751 2656 remunerationem.
777 2584 867 2655 Sunt
891 2585 1007 2657 etalii
1031 2584 1195 2668 Parochi,
1222 2587 1281 2679 qui
1309 2587 1432 2660 diebus

159 2684 379 2756 »dominicis
404 2698 440 2758 ot
464 2686 563 2760 festis
586 2689 703 2762 binam
735 2691 856 2763 dicunt
880 2691 1037 2776 Missam,
1063 2693 1191 2785 partim
1216 2692 1250 2762 in
1276 2693 1430 2766 ecclesiis

159 2813 181 2858 s
200 2791 474 2882 parochialibus,
501 2797 628 2888 partim
653 2798 689 2868 in
714 2797 896 2880 filialibus,
922 2799 1003 2891 quia
1028 2799 1216 2872 necessitas
1240 2801 1380 2872 moralis
1397 2801 1431 2871 id

156 2920 179 2964 s
198 2897 318 2991 exigit.
332 2897 407 2971 Non
432 2901 532 2992 pauci
559 2902 698 2976 Parochi
723 2905 764 2976 ad
790 2903 953 2977 ecclesias
977 2905 1130 2990 dissitas,
1150 2927 1212 3000 per
1236 2907 1310 2978 vias
1333 2929 1431 3002 aspo-

158 3025 271 3086 sras,
307 3015 464 3098 tempore
494 3021 613 3080 aestus
645 3009 783 3102 frigoris
807 3021 844 3081 et
867 3011 957 3080 nivis
984 3011 1151 3096 tendunt,
1177 3013 1236 3106 qui
1265 3013 1353 3086 infra
1377 3037 1432 3087 sa·

156 3131 293 3182 serum
317 3112 422 3183 simul
449 3115 589 3186 tradunt
613 3116 806 3188 doctrinam
831 3117 1067 3188 christianam.

230 3217 452 3306 »Quaeritur
475 3221 599 3315 igiturt
618 3222 645 3293 l.
664 3223 789 3296 Utrum
805 3224 950 3296 Parochi
974 3225 1047 3316 qui,
1075 3238 1115 3295 ut
1138 3228 1246 3298 menti
1273 3227 1430 3302 fundato

155 3342 274 3392 srurn
299 3323 360 3394 fiat
384 3325 489 3407 satis,
519 3327 641 3399 diebus
665 3329 847 3402 dominicis
873 3343 909 3402 et
933 3330 1043 3414 festis,
1069 3331 1186 3403 binam
1211 3335 1331 3407 dicunt
1351 3336 1432 3408 Mis·

218 3571 256 3632 (i)
273 3565 436 3626 Senatorio
449 3587 567 3643 precam
585 3582 626 3630 sat
637 3575 769 3646 quaedam
821 3580 1206 3648 temputactrcaexisteotiaro
1215 3597 1431 3656 causarumquae

157 3647 267 3708 {modi
279 3651 769 3732 formulapeocsS.Congregationem
822 3664 922 3730 gratiae
939 3662 1137 3720 concessionem
1155 3665 1297 3736 suadeant,
1306 3668 1346 3723 vel
1361 3685 1430 3738 nona

152 3735 271 3792 concilii
291 3737 423 3807 adhibita,
443 3756 495 3812 qua
515 3742 713 3801 indicaturnon
726 3749 769 3816 agi
821 3749 951 3803 sivacirca
965 3747 1138 3820 modumque
1149 3753 1266 3808 exaudiri
1278 3769 1368 3823 preces
1378 3772 1432 3812 me·

152 3819 190 3874 de
200 3820 293 3893 aliquo
305 3826 377 3894 gravi
390 3824 474 3880 dubio
489 3825 612 3883 formiter
625 3830 769 3896 solvendo,
822 3840 940 3886 reantur.
953 3831 1021 3886 Cum
1033 3837 1177 3890 summarie
1190 3837 1255 3892 haec
1266 3851 1432 3909 exponantur

155 3904 199 3960 vel
215 3905 249 3961 de
262 3923 341 3964 canu
352 3911 529 3966 contentiosa:
540 3912 618 3978 (haec
634 3914 705 3970 enirn
717 3917 768 3972 alia
822 3925 848 3971 ot
865 3925 1072 3986 pertractentur,
1087 3919 1146 3976 ideo
1164 3919 1293 3978 dicuutur
1310 3940 1431 3984 sammo-

157 3987 243 4045 forma
265 4003 462 4060 pertractantur
479 4011 548 4066 quae
565 3996 665 4053 dieitur
677 4000 705 4054 fo
720 4005 769 4056 Fo·
821 4005 865 4056 ria
884 4017 1008 4068 precum.
1033 4006 1191 4062 Huiusmodi
1210 4009 1430 4078 qrraestiunculae

152 4076 204 4142 lio,
215 4090 330 4146 quorum
340 4081 460 4150 exempla
472 4079 553 4136 habes
562 4081 590 4137 in
601 4083 768 4140 antecedenti
820 4103 873 4142 non
885 4088 975 4144 moltis
985 4091 1083 4148 abhinc
1101 4096 1179 4148 annis
1188 4096 1258 4166 typis
1272 4097 1429 4166 harinctorp

152 4167 182 4214 et
199 4165 322 4232 sequenti
334 4171 433 4230 mosa)
449 4163 496 4221 scd
514 4168 558 4239 agi
578 4171 767 4226 tantummodo
819 4181 896 4228 nnoea
912 4177 984 4230 enirn
995 4177 1158 4235 Secretarius
1176 4183 1311 4252 supptices
1329 4183 1378 4239 hos
1396 4185 1430 4238 ii-

153 4245 190 4300 de
209 4247 334 4317 precibus
351 4251 490 4308 Romanae
502 4251 563 4308 Sedi
576 4253 715 4321 exhibitis,
726 4255 766 4311 sei
819 4257 904 4314 helios
919 4262 945 4314 in
964 4262 991 4318 S.
1005 4263 1216 4334 congregatione
1235 4283 1297 4324 voce
1318 4283 1431 4339 expone·

152 4329 188 4385 ad
208 4331 264 4390 lere
281 4333 395 4392 dubium
413 4336 584 4407 solvendum,
603 4339 641 4395 iel
660 4348 691 4395 ut
709 4339 765 4410 ple·
819 4343 1430 4425 bancamcitantorhuiusrnodicausae,opor

156 4433 270 4490 musque
297 4421 431 4491 conhogh
452 4420 485 4476 ad
505 4423 621 4494 gratiam
645 4423 767 4480 obtinen-
820 4437 858 4482 tet
870 4427 1016 4500 adiungere
1032 4449 1085 4503 per
1102 4437 1258 4493 summaria
1268 4453 1386 4512 praem
1400 4447 1432 4496 ut

151 4499 235 4572 darn,
254 4520 325 4577 quae
347 4506 459 4562 iurotut
482 4510 602 4580 aliquam
620 4509 766 4566 difficulta-
819 4515 942 4571 aceteris
959 4515 1175 4591 distinguantur.
