3248 5004
439 411 606 466 sotrum.
625 413 806 465 striarum
823 413 862 464 rr
882 414 988 464 carus
1008 415 1137 464 rurus.
1388 389 1430 461 17

227 519 385 592 Praestat
410 520 489 593 heic
512 530 646 614 partem
671 519 799 592 referre
825 519 1017 590 testimonii
1042 517 1198 589 eiusdem
1217 516 1279 587 riri
1296 513 1352 599 C.,
1371 514 1432 607 qui

155 624 244 698 baec
260 627 325 697 sub
341 626 528 697 iuramenti
554 623 621 697 tide
645 625 826 717 deposuit:
849 623 1041 696 «Firmiter
1068 624 1142 696 scio
1174 623 1209 692 in
1238 623 1362 694 itinere
1389 643 1430 694 er

155 755 178 799 r
198 755 256 802 ora
281 732 455 802 maritima
475 729 531 813 Β.,
549 731 592 802 ad
617 730 795 802 civitatem
813 729 871 814 Α.,
894 752 952 802 me
974 729 1155 824 reperiisse
1179 749 1258 801 cum
1283 727 1396 819 qu'ada

155 861 178 904 r
198 835 453 908 adolescentula
469 858 554 930 praue
568 834 691 930 (lebat,
707 835 772 908 alia
795 836 920 908 iuvene
945 835 1122 908 comitata.
1148 833 1305 926 Contigit
1321 845 1361 904 ut
1377 855 1397 904 e

155 963 178 1008 a
196 942 275 1011 dem
299 962 404 1011 curru
421 930 485 1012 nos
502 941 745 1033 reperirentur.
765 940 819 1011 Ad
835 952 1041 1034 sequentem
1065 941 1266 1022 stationem,
1293 939 1397 1032 quida

159 1047 331 1118 »iuvenis
364 1045 588 1140 Sempronius
619 1047 740 1130 venit,
770 1059 806 1118 et
831 1047 990 1120 consedit
1014 1048 1049 1118 in
1073 1070 1178 1120 curru
1207 1047 1243 1118 in
1271 1068 1341 1139 quo
1372 1067 1435 1118 nos

160 1177 178 1218 s
196 1153 472 1224 considebamus.
487 1151 540 1223 Ad
553 1152 652 1224 cuius
669 1153 874 1244 adspectum
884 1154 1000 1246 Agnes
1012 1153 1139 1225 extulit
1151 1153 1320 1225 clamores
1334 1151 1434 1235 tales,

157 1282 179 1324 s
198 1270 238 1328 ut
253 1257 444 1331 conductor
467 1279 632 1329 curruum
649 1258 784 1329 venerit
800 1258 842 1328 ad
859 1257 1115 1330 observandum
1140 1257 1223 1350 quid
1248 1258 1433 1331 accideret.

161 1375 182 1426 a
204 1363 342 1436 iuvenis
365 1363 458 1434 socia
476 1361 695 1458 (educatrix)
714 1385 801 1456 quae
817 1362 1003 1435 ridebatur
1019 1364 1146 1436 habere
1163 1362 1435 1458 praedomirrium

161 1494 182 1536 r
203 1493 310 1562 super
337 1470 492 1562 Agnete,
525 1469 660 1541 cumvit
684 1468 861 1540 silentium
887 1469 1012 1563 Agneti
1042 1469 1264 1542 indicere.....
1283 1468 1434 1540 iudicari

167 1575 348 1647 rsuadcre
384 1575 611 1668 Sempronio,
646 1597 683 1646 se
715 1573 840 1646 meiius
874 1575 1049 1646 iacturum
1073 1575 1102 1645 si
1130 1574 1235 1644 alium
1269 1574 1387 1668 ingred

162 1691 300 1749 »retur
330 1701 471 1751 currum
504 1678 547 1751 ad
578 1678 798 1752 auferendam
828 1679 955 1772 Agnoti
987 1703 1127 1752 causam
1159 1679 1298 1752 doloris.
1336 1680 1389 1751 Tu

161 1809 182 1852 s
206 1785 280 1876 ipse
304 1799 440 1858 secreto
464 1786 659 1858 collocutus
678 1797 732 1859 est
755 1785 861 1871 mihi,
888 1808 1053 1859 enarrans
1077 1809 1115 1859 se
1139 1786 1317 1858 seduxisse
1341 1783 1400 1857 ilia

164 1890 367 1962 aiuvenem
393 1904 433 1962 ut
457 1892 502 1963 ab
525 1915 566 1966 ea
588 1903 775 1965 amaretur.
808 1891 885 1986 ipse
907 1914 928 1964 a
951 1915 1008 1966 mc
1037 1893 1227 1987 postutarit
1252 1905 1292 1964 ut
1318 1912 1438 1964 curam

166 1997 299 2068 rillius
329 1997 533 2090 (Agnetis)
563 2001 787 2094 susciperem,
805 2010 842 2072 et
864 2013 901 2068 ot
930 1999 1130 2094 impedirem
1157 1999 1336 2095 quominus
1367 1999 1439 2094 ipsa

166 2127 186 2170 s
207 2101 333 2173 rediret
352 2102 444 2198 opud
462 2102 604 2176 Putrem
623 2127 735 2177 suum.
753 2103 909 2198 lienique
930 2104 1157 2197 Sempronius
1177 2105 1333 2176 indicans
1354 2102 1439 2173 mihi

164 2235 186 2278 r
208 2211 367 2283 iuvenem
385 2211 514 2282 sociam
533 2208 811 2306 (educatricem)
830 2211 914 2282 mibi
931 2210 1040 2294 dixit,
1068 2210 1161 2303 quod
1188 2211 1248 2281 iila
1267 2210 1441 2304 particeps

167 2341 188 2383 a
208 2329 280 2388 crot
304 2316 424 2388 secreti
444 2330 478 2387 et
497 2319 624 2412 repetii
635 2371 644 2389 .
658 2371 666 2388 .
680 2372 689 2389 .
703 2319 774 2412 Ego
786 2318 953 2390 ducebam
967 2318 1136 2410 Agnetem
1155 2317 1298 2410 eiusque
1311 2317 1440 2388 sociam

166 2446 186 2490 a
207 2423 242 2494 in
258 2421 493 2495 Diversorium
511 2419 670 2517 l).,apud
689 2424 783 2519 quod
803 2435 940 2516 efflaret
962 2423 1132 2496 divertere
1156 2445 1441 2496 consueveram.»

239 2529 357 2623 itaque
389 2529 503 2621 Agnes
529 2531 688 2621 pervenit
715 2531 759 2604 ad
788 2530 1021 2603 Diversorium
1046 2528 1226 2622 publicum
1250 2527 1292 2600 D.
1319 2528 1354 2598 iu
1379 2550 1440 2599 sua

163 2635 332 2718 civitate,
349 2657 391 2707 ex
409 2633 569 2706 suasione
590 2635 655 2708 riri
673 2635 730 2720 C,
749 2659 812 2710 ner
829 2658 899 2708 uun
923 2635 1129 2708 educatricis
1153 2658 1241 2729 quse
1265 2636 1442 2729 particeps

164 2754 246 2812 crat
269 2740 492 2813 consiliorum
514 2739 725 2832 Sempmnii.

240 2847 332 2919 Haec
349 2868 452 2939 pomo
468 2857 551 2916 sunt
565 2845 729 2918 aaronem
745 2869 834 2940 quae
851 2849 885 2920 in
903 2849 968 2920 boc
984 2847 1182 2921 Diversorio
1205 2848 1440 2941 contigerunt.

166 2955 378 3028 Cubiculum
402 2957 614 3049 assignatum
630 2955 697 3026 iuit
714 2957 859 3050 Agneti,
886 2959 1002 3030 studio
1027 2959 1257 3042 educatricis,
1286 2959 1328 3030 ad
1349 2959 1442 3052 quod

166 3061 307 3132 nonnisi
332 3085 394 3156 per
417 3063 527 3156 ipsius
550 3062 757 3135 educatricis
780 3062 979 3134 cubiculum
1028 3064 1177 3136 dabatur
1200 3085 1378 3148 accessum
1408 3078 1445 3137 et

166 3167 340 3239 fenestras
372 3168 542 3251 babebat,
568 3189 656 3262 quas
685 3189 753 3239 non
782 3168 874 3238 viam
903 3168 1099 3260 publicam„
1129 3167 1189 3240 sed
1214 3169 1343 3240 atrium
1369 3182 1445 3240 tan·

166 3272 349 3343 tummodo
382 3275 570 3347 introrsum
596 3272 839 3366 respiciebant.
866 3271 981 3361 Quare
1013 3274 1130 3346 nuilus
1155 3273 1304 3347 exeundi
1329 3276 1445 3347 aditus

167 3375 306 3470 puellae
331 3378 474 3470 patebat
496 3380 571 3452 sine
594 3379 801 3452 educatricis
826 3380 947 3465 venia,
966 3402 1055 3473 quae
1080 3393 1152 3452 tam
1176 3392 1278 3453 caute
1304 3395 1445 3473 tamque

166 3493 264 3555 arcte
288 3505 365 3553 eam
389 3485 628 3570 custodiebat,
654 3496 695 3555 ut
719 3486 855 3579 quoties
879 3487 983 3559 domo
1015 3487 1147 3570 exiret,
1175 3487 1280 3558 toties
1304 3486 1445 3558 cubicu-

170 3585 246 3658 ium
271 3586 427 3659 claribus
451 3590 629 3664 obseraret
653 3601 690 3663 et
714 3591 880 3664 firmaret.

240 3691 367 3764 Mansit
393 3695 507 3786 Agnes
524 3708 597 3769 tres
612 3696 847 3770 hebdomadas
862 3720 904 3770 co
923 3699 957 3768 in
974 3697 1176 3785 diversorio,
1195 3721 1264 3792 quo
1288 3713 1443 3790 tempore

167 3797 225 3869 bis
249 3798 356 3880 exiit,
381 3810 585 3873 constanter
610 3815 725 3876 tamen
750 3803 794 3876 ab
818 3804 1015 3876 educatrice
1048 3807 1300 3888 concomitata,
1330 3803 1443 3894 primo

166 3926 250 3976 cum
267 3905 310 3975 ad
325 3902 583 3977 Coniessarium
609 3910 775 3994 accessit,
803 3912 954 3981 secundo
971 3911 1013 3982 ad
1030 3912 1203 4003 quendam
1229 3909 1441 3980 Advocatum

165 4009 432 4082 consulendum.
452 4009 515 4080 liic
541 4023 658 4083 tamen
685 4015 856 4088 secundus
881 4017 997 4089 exitus
1022 4017 1168 4087 firmiter
1185 4016 1228 4087 ab
1245 4013 1441 4085 educatrice

168 4119 295 4208 Agneti
320 4115 579 4210 prohibebatur.
598 4117 712 4205 Quare
730 4122 779 4194 ita
795 4123 962 4194 altercare
979 4135 1014 4195 ct
1031 4124 1381 4214 clamarecoeperunt,
1401 4130 1443 4189 ut

168 4223 355 4294 Diversorii
372 4221 491 4294 iamuii
509 4223 704 4308 adfuerint,
723 4251 870 4321 quorum
896 4229 1026 4300 auxilio
1043 4230 1157 4320 Agnes
1174 4226 1287 4318 egredi
1308 4227 1437 4318 potuit.

168 4328 264 4399 Adiit
297 4339 414 4400 autem
441 4329 726 4402 iurisconsultum
757 4356 825 4406 non
857 4333 976 4426 procui
1010 4357 1029 4404 a
1058 4332 1255 4404 Diversorio
1289 4353 1443 4403 commo·

168 4447 303 4506 mntem
323 4441 530 4528 (comitante
547 4435 774 4525 Educatrice)
795 4440 975 4533 eidemque
1001 4439 1235 4512 conditionem
1252 4461 1350 4509 suam
1367 4461 1446 4531 ape·

255 4571 339 4632 Aeto,
356 4570 420 4622 torn.
436 4571 461 4629 1.
473 4565 542 4626 iore.
555 4569 578 4624 1.
