<?xml version="1.0" encoding="UTF-8"?>
<!DOCTYPE html PUBLIC "-//W3C//DTD XHTML 1.0 Transitional//EN"
    "http://www.w3.org/TR/xhtml1/DTD/xhtml1-transitional.dtd">
<html xmlns="http://www.w3.org/1999/xhtml" xml:lang="en" lang="en">
 <head>
  <title>
</title>
<meta http-equiv="Content-Type" content="text/html;charset=utf-8" />
  <meta name='ocr-system' content='tesseract 3.04.00' />
  <meta name='ocr-capabilities' content='ocr_page ocr_carea ocr_par ocr_line ocrx_word'/>
</head>
<body>
  <div class='ocr_page' id='page_1' title='image "actasanctaesedi00ixgoog_0083.png"; bbox 0 0 3248 5004; ppageno 0'>
   <div class='ocr_carea' id='block_1_1' title="bbox 188 431 1036 508">
    <p class='ocr_par' dir='ltr' id='par_1_1' title="bbox 188 431 1036 508">
     <span class='ocr_line' id='line_1_1' title="bbox 188 431 1036 508; baseline -0.002 -2"><span class='ocrx_word' id='word_1_1' title='bbox 188 431 234 500; x_wconf 88' lang='grc'><strong>78</strong></span> <span class='ocrx_word' id='word_1_2' title='bbox 610 460 810 508; x_wconf 81' lang='lat' dir='ltr'><strong>aureoruanrr</strong></span> <span class='ocrx_word' id='word_1_3' title='bbox 836 459 1036 507; x_wconf 80' lang='lat' dir='ltr'><strong>srousarmu.</strong></span> 
     </span>
    </p>
   </div>
   <div class='ocr_carea' id='block_1_2' title="bbox 185 556 1468 2037">
    <p class='ocr_par' dir='ltr' id='par_1_2' title="bbox 185 556 1468 2037">
     <span class='ocr_line' id='line_1_2' title="bbox 187 556 1462 656; baseline 0.001 -32"><span class='ocrx_word' id='word_1_4' title='bbox 187 556 315 628; x_wconf 88' lang='lat' dir='ltr'><strong>mentis</strong></span> <span class='ocrx_word' id='word_1_5' title='bbox 339 581 444 652; x_wconf 89' lang='lat' dir='ltr'><strong>super</strong></span> <span class='ocrx_word' id='word_1_6' title='bbox 465 561 591 654; x_wconf 88' lang='lat' dir='ltr'><strong>quibus</strong></span> <span class='ocrx_word' id='word_1_7' title='bbox 608 564 807 656; x_wconf 90' lang='lat' dir='ltr'><strong>dispensare</strong></span> <span class='ocrx_word' id='word_1_8' title='bbox 823 563 984 635; x_wconf 81' lang='lat' dir='ltr'><strong>Pontifex</strong></span> <span class='ocrx_word' id='word_1_9' title='bbox 1000 561 1109 633; x_wconf 79' lang='lat' dir='ltr'><strong>soleat</strong></span> <span class='ocrx_word' id='word_1_10' title='bbox 1150 558 1344 630; x_wconf 86' lang='lat' dir='ltr'><strong>Observaut</strong></span> <span class='ocrx_word' id='word_1_11' title='bbox 1367 556 1462 627; x_wconf 90' lang='lat' dir='ltr'><strong>enim</strong></span> 
     </span>
     <span class='ocr_line' id='line_1_3' title="bbox 186 660 1462 739; baseline 0 -9"><span class='ocrx_word' id='word_1_12' title='bbox 186 673 347 735; x_wconf 84' lang='lat' dir='ltr'><strong>auctores</strong></span> <span class='ocrx_word' id='word_1_13' title='bbox 363 665 594 738; x_wconf 88' lang='lat' dir='ltr'><strong>conditionem</strong></span> <span class='ocrx_word' id='word_1_14' title='bbox 611 669 807 739; x_wconf 90' lang='lat' dir='ltr'><strong>huiusmodi</strong></span> <span class='ocrx_word' id='word_1_15' title='bbox 826 667 972 738; x_wconf 88' lang='lat' dir='ltr'><strong>alienam</strong></span> <span class='ocrx_word' id='word_1_16' title='bbox 990 689 1065 738; x_wconf 89' lang='lat' dir='ltr'><strong>esse</strong></span> <span class='ocrx_word' id='word_1_17' title='bbox 1082 689 1101 736; x_wconf 90' lang='lat' dir='ltr'><strong>a</strong></span> <span class='ocrx_word' id='word_1_18' title='bbox 1118 665 1194 736; x_wconf 88' lang='lat' dir='ltr'><strong>iure</strong></span> <span class='ocrx_word' id='word_1_19' title='bbox 1218 663 1392 734; x_wconf 89' lang='lat' dir='ltr'><strong>communi</strong></span> <span class='ocrx_word' id='word_1_20' title='bbox 1417 660 1462 730; x_wconf 91' lang='lat' dir='ltr'><strong>ab</strong></span> 
     </span>
     <span class='ocr_line' id='line_1_4' title="bbox 188 765 1460 865; baseline 0.002 -29"><span class='ocrx_word' id='word_1_21' title='bbox 188 765 341 838; x_wconf 83' lang='lat' dir='ltr'>Ecclesia</span> <span class='ocrx_word' id='word_1_22' title='bbox 366 770 456 841; x_wconf 90' lang='lat' dir='ltr'><strong>circa</strong></span> <span class='ocrx_word' id='word_1_23' title='bbox 479 772 724 865; x_wconf 88' lang='lat' dir='ltr'><strong>impedimenta</strong></span> <span class='ocrx_word' id='word_1_24' title='bbox 750 777 960 857; x_wconf 88' lang='lat' dir='ltr'><strong>constituto,</strong></span> <span class='ocrx_word' id='word_1_25' title='bbox 980 795 1091 865; x_wconf 89' lang='lat' dir='ltr'><strong>neque</strong></span> <span class='ocrx_word' id='word_1_26' title='bbox 1109 769 1274 864; x_wconf 88' lang='lat' dir='ltr'><strong>applicari</strong></span> <span class='ocrx_word' id='word_1_27' title='bbox 1294 790 1395 862; x_wconf 88' lang='lat' dir='ltr'><strong>posse</strong></span> <span class='ocrx_word' id='word_1_28' title='bbox 1413 791 1460 838; x_wconf 89' lang='lat' dir='ltr'><strong>re·</strong></span> 
     </span>
     <span class='ocr_line' id='line_1_5' title="bbox 186 872 1468 972; baseline 0.002 -31"><span class='ocrx_word' id='word_1_29' title='bbox 186 872 301 960; x_wconf 76' lang='lat' dir='ltr'><strong>gulam</strong></span> <span class='ocrx_word' id='word_1_30' title='bbox 326 874 419 946; x_wconf 93' lang='lat' dir='ltr'><strong>illam</strong></span> <span class='ocrx_word' id='word_1_31' title='bbox 444 879 663 968; x_wconf 76' lang='lat' dir='ltr'>generalem,</span> <span class='ocrx_word' id='word_1_32' title='bbox 689 902 776 972; x_wconf 91' lang='lat' dir='ltr'><strong>quae</strong></span> <span class='ocrx_word' id='word_1_33' title='bbox 801 880 902 951; x_wconf 89' lang='lat' dir='ltr'><strong>docet</strong></span> <span class='ocrx_word' id='word_1_34' title='bbox 927 891 1089 950; x_wconf 85' lang='lat' dir='ltr'><strong>eventum</strong></span> <span class='ocrx_word' id='word_1_35' title='bbox 1123 875 1330 948; x_wconf 90' lang='lat' dir='ltr'><strong>conditionis</strong></span> <span class='ocrx_word' id='word_1_36' title='bbox 1354 885 1468 945; x_wconf 88' lang='lat' dir='ltr'><strong>retro-</strong></span> 
     </span>
     <span class='ocr_line' id='line_1_6' title="bbox 185 980 1461 1080; baseline 0.003 -32"><span class='ocrx_word' id='word_1_37' title='bbox 185 980 278 1049; x_wconf 89' lang='lat' dir='ltr'><strong>trahi</strong></span> <span class='ocrx_word' id='word_1_38' title='bbox 303 982 344 1052; x_wconf 91' lang='lat' dir='ltr'><strong>ad</strong></span> <span class='ocrx_word' id='word_1_39' title='bbox 369 995 521 1076; x_wconf 87' lang='lat' dir='ltr'><strong>tempus,</strong></span> <span class='ocrx_word' id='word_1_40' title='bbox 547 1008 615 1079; x_wconf 92' lang='lat' dir='ltr'><strong>quo</strong></span> <span class='ocrx_word' id='word_1_41' title='bbox 640 988 828 1080; x_wconf 86' lang='lat' dir='ltr'>quidquam</span> <span class='ocrx_word' id='word_1_42' title='bbox 854 999 991 1080; x_wconf 84' lang='lat' dir='ltr'><strong>gestum</strong></span> <span class='ocrx_word' id='word_1_43' title='bbox 1016 999 1096 1070; x_wconf 83' lang='lat' dir='ltr'><strong>est3</strong></span> <span class='ocrx_word' id='word_1_44' title='bbox 1120 1007 1200 1054; x_wconf 92' lang='lat' dir='ltr'><strong>cum</strong></span> <span class='ocrx_word' id='word_1_45' title='bbox 1227 981 1344 1074; x_wconf 84' lang='lat' dir='ltr'><strong>regula</strong></span> <span class='ocrx_word' id='word_1_46' title='bbox 1376 981 1461 1052; x_wconf 90' lang='lat' dir='ltr'><strong>hacc</strong></span> 
     </span>
     <span class='ocr_line' id='line_1_7' title="bbox 186 1085 1460 1185; baseline 0.003 -33"><span class='ocrx_word' id='word_1_47' title='bbox 186 1085 312 1170; x_wconf 88' lang='lat' dir='ltr'><strong>valeat,</strong></span> <span class='ocrx_word' id='word_1_48' title='bbox 330 1089 466 1181; x_wconf 90' lang='lat' dir='ltr'><strong>quoties</strong></span> <span class='ocrx_word' id='word_1_49' title='bbox 482 1114 548 1162; x_wconf 95' lang='lat' dir='ltr'><strong>non</strong></span> <span class='ocrx_word' id='word_1_50' title='bbox 567 1094 680 1185; x_wconf 80' lang='lat' dir='ltr'><strong>agitur</strong></span> <span class='ocrx_word' id='word_1_51' title='bbox 695 1095 737 1165; x_wconf 93' lang='lat' dir='ltr'><strong>de</strong></span> <span class='ocrx_word' id='word_1_52' title='bbox 754 1094 964 1174; x_wconf 89' lang='lat' dir='ltr'><strong>conditione,</strong></span> <span class='ocrx_word' id='word_1_53' title='bbox 980 1114 1067 1184; x_wconf 89' lang='lat' dir='ltr'><strong>quae</strong></span> <span class='ocrx_word' id='word_1_54' title='bbox 1084 1091 1309 1161; x_wconf 77' lang='lat' dir='ltr'><strong>idoneitatem</strong></span> <span class='ocrx_word' id='word_1_55' title='bbox 1333 1087 1460 1158; x_wconf 87' lang='lat' dir='ltr'><strong>alliciat</strong></span> 
     </span>
     <span class='ocr_line' id='line_1_8' title="bbox 186 1193 1463 1293; baseline -0.004 -27"><span class='ocrx_word' id='word_1_56' title='bbox 186 1196 478 1267; x_wconf 81' lang='lat' dir='ltr'><strong>contrahentium.</strong></span> <span class='ocrx_word' id='word_1_57' title='bbox 505 1198 558 1268; x_wconf 83' lang='lat' dir='ltr'><strong>Ex</strong></span> <span class='ocrx_word' id='word_1_58' title='bbox 583 1223 651 1291; x_wconf 89' lang='lat' dir='ltr'><strong>quo</strong></span> <span class='ocrx_word' id='word_1_59' title='bbox 676 1201 834 1293; x_wconf 87' lang='lat' dir='ltr'><strong>sequitur</strong></span> <span class='ocrx_word' id='word_1_60' title='bbox 857 1210 897 1269; x_wconf 88' lang='lat' dir='ltr'><strong>ut</strong></span> <span class='ocrx_word' id='word_1_61' title='bbox 921 1200 955 1267; x_wconf 94' lang='lat' dir='ltr'><strong>in</strong></span> <span class='ocrx_word' id='word_1_62' title='bbox 981 1196 1177 1267; x_wconf 90' lang='lat' dir='ltr'><strong>huiusmodi</strong></span> <span class='ocrx_word' id='word_1_63' title='bbox 1196 1193 1351 1276; x_wconf 89' lang='lat' dir='ltr'><strong>casibus,</strong></span> <span class='ocrx_word' id='word_1_64' title='bbox 1366 1205 1463 1286; x_wconf 90' lang='lat' dir='ltr'><strong>post·</strong></span> 
     </span>
     <span class='ocr_line' id='line_1_9' title="bbox 186 1301 1460 1395; baseline -0.002 -23"><span class='ocrx_word' id='word_1_65' title='bbox 186 1323 290 1392; x_wconf 91' lang='lat' dir='ltr'><strong>quam</strong></span> <span class='ocrx_word' id='word_1_66' title='bbox 314 1301 580 1395; x_wconf 87' lang='lat' dir='ltr'><strong>disponsationis</strong></span> <span class='ocrx_word' id='word_1_67' title='bbox 604 1306 725 1376; x_wconf 88' lang='lat' dir='ltr'><strong>literae</strong></span> <span class='ocrx_word' id='word_1_68' title='bbox 750 1305 946 1376; x_wconf 85' lang='lat' dir='ltr'><strong>executioni</strong></span> <span class='ocrx_word' id='word_1_69' title='bbox 973 1302 1152 1375; x_wconf 79' lang='lat' dir='ltr'><strong>mandatae</strong></span> <span class='ocrx_word' id='word_1_70' title='bbox 1176 1301 1334 1381; x_wconf 80' lang='lat' dir='ltr'><strong>fuerint,</strong></span> <span class='ocrx_word' id='word_1_71' title='bbox 1362 1321 1460 1391; x_wconf 90' lang='lat' dir='ltr'><strong>prae-</strong></span> 
     </span>
     <span class='ocr_line' id='line_1_10' title="bbox 186 1406 1457 1505; baseline -0.003 -28"><span class='ocrx_word' id='word_1_72' title='bbox 186 1409 336 1479; x_wconf 88' lang='lat' dir='ltr'><strong>statione</strong></span> <span class='ocrx_word' id='word_1_73' title='bbox 360 1410 439 1480; x_wconf 91' lang='lat' dir='ltr'><strong>novi</strong></span> <span class='ocrx_word' id='word_1_74' title='bbox 464 1433 651 1482; x_wconf 84' lang='lat' dir='ltr'><strong>consensus</strong></span> <span class='ocrx_word' id='word_1_75' title='bbox 676 1409 847 1505; x_wconf 87' lang='lat' dir='ltr'><strong>sponsalia</strong></span> <span class='ocrx_word' id='word_1_76' title='bbox 872 1410 1053 1482; x_wconf 89' lang='lat' dir='ltr'><strong>revalidari</strong></span> <span class='ocrx_word' id='word_1_77' title='bbox 1077 1421 1238 1502; x_wconf 77' lang='lat' dir='ltr'><strong>oporteat</strong></span> <span class='ocrx_word' id='word_1_78' title='bbox 1261 1406 1305 1477; x_wconf 92' lang='lat' dir='ltr'><strong>ad</strong></span> <span class='ocrx_word' id='word_1_79' title='bbox 1331 1406 1457 1476; x_wconf 89' lang='lat' dir='ltr'><strong>tradita</strong></span> 
     </span>
     <span class='ocr_line' id='line_1_11' title="bbox 185 1512 1453 1612; baseline -0.006 -28"><span class='ocrx_word' id='word_1_80' title='bbox 185 1537 248 1609; x_wconf 87' lang='lat' dir='ltr'><strong>per</strong></span> <span class='ocrx_word' id='word_1_81' title='bbox 262 1515 363 1585; x_wconf 84' lang='lat' dir='ltr'><strong>Card.</strong></span> <span class='ocrx_word' id='word_1_82' title='bbox 382 1515 433 1587; x_wconf 90' lang='lat' dir='ltr'><strong>De</strong></span> <span class='ocrx_word' id='word_1_83' title='bbox 450 1516 553 1588; x_wconf 87' lang='lat' dir='ltr'><strong>Luca.</strong></span> <span class='ocrx_word' id='word_1_84' title='bbox 565 1517 728 1612; x_wconf 78' lang='lat' dir='ltr'><strong>Discepl</strong></span> <span class='ocrx_word' id='word_1_85' title='bbox 744 1519 784 1588; x_wconf 88' lang='lat' dir='ltr'><strong>dc</strong></span> <span class='ocrx_word' id='word_1_86' title='bbox 799 1517 947 1588; x_wconf 77' lang='lat' dir='ltr'><strong>Matrini.</strong></span> <span class='ocrx_word' id='word_1_87' title='bbox 963 1516 1103 1588; x_wconf 87' lang='lat' dir='ltr'><strong>Berardi</strong></span> <span class='ocrx_word' id='word_1_88' title='bbox 1115 1517 1151 1585; x_wconf 84' lang='lat' dir='ltr'><strong>io</strong></span> <span class='ocrx_word' id='word_1_89' title='bbox 1164 1516 1218 1584; x_wconf 86' lang='lat' dir='ltr'><strong>ias</strong></span> <span class='ocrx_word' id='word_1_90' title='bbox 1230 1512 1346 1584; x_wconf 83' lang='lat' dir='ltr'><strong>eccles.</strong></span> <span class='ocrx_word' id='word_1_91' title='bbox 1360 1513 1453 1580; x_wconf 77' lang='lat' dir='ltr'><strong>tenio.</strong></span> 
     </span>
     <span class='ocr_line' id='line_1_12' title="bbox 186 1618 1458 1718; baseline 0.001 -31"><span class='ocrx_word' id='word_1_92' title='bbox 186 1635 251 1689; x_wconf 85' lang='lat' dir='ltr'><strong>tom</strong></span> <span class='ocrx_word' id='word_1_93' title='bbox 283 1624 303 1689; x_wconf 74' lang='lat'>2</span> <span class='ocrx_word' id='word_1_94' title='bbox 320 1621 451 1691; x_wconf 83' lang='lat' dir='ltr'><strong>dissert.</strong></span> <span class='ocrx_word' id='word_1_95' title='bbox 471 1627 491 1691; x_wconf 74' lang='lat'><strong>2</strong></span> <span class='ocrx_word' id='word_1_96' title='bbox 508 1639 635 1718; x_wconf 85' lang='lat' dir='ltr'><strong>quaest.</strong></span> <span class='ocrx_word' id='word_1_97' title='bbox 654 1627 687 1696; x_wconf 88' lang='lat'><strong>3.</strong></span> <span class='ocrx_word' id='word_1_98' title='bbox 702 1624 815 1712; x_wconf 81' lang='lat' dir='ltr'><strong>Quare</strong></span> <span class='ocrx_word' id='word_1_99' title='bbox 839 1623 1122 1705; x_wconf 73' lang='lat' dir='ltr'><strong>concludebatur,</strong></span> <span class='ocrx_word' id='word_1_100' title='bbox 1144 1623 1178 1692; x_wconf 90' lang='lat' dir='ltr'><strong>in</strong></span> <span class='ocrx_word' id='word_1_101' title='bbox 1200 1621 1315 1714; x_wconf 87' lang='lat' dir='ltr'><strong>specie</strong></span> <span class='ocrx_word' id='word_1_102' title='bbox 1333 1618 1376 1689; x_wconf 94' lang='lat' dir='ltr'><strong>ab</strong></span> <span class='ocrx_word' id='word_1_103' title='bbox 1394 1618 1458 1688; x_wconf 92' lang='lat' dir='ltr'><strong>bac</strong></span> 
     </span>
     <span class='ocr_line' id='line_1_13' title="bbox 186 1724 1457 1823; baseline -0.002 -28"><span class='ocrx_word' id='word_1_104' title='bbox 186 1749 254 1798; x_wconf 94' lang='lat' dir='ltr'><strong>non</strong></span> <span class='ocrx_word' id='word_1_105' title='bbox 273 1727 435 1811; x_wconf 84' lang='lat' dir='ltr'><strong>absimili,</strong></span> <span class='ocrx_word' id='word_1_106' title='bbox 454 1753 515 1822; x_wconf 94' lang='lat' dir='ltr'><strong>pro</strong></span> <span class='ocrx_word' id='word_1_107' title='bbox 532 1729 690 1802; x_wconf 86' lang='lat' dir='ltr'><strong>nullitate</strong></span> <span class='ocrx_word' id='word_1_108' title='bbox 715 1731 927 1823; x_wconf 92' lang='lat' dir='ltr'><strong>sponsalium</strong></span> <span class='ocrx_word' id='word_1_109' title='bbox 943 1728 1081 1799; x_wconf 88' lang='lat' dir='ltr'><strong>Sacram</strong></span> <span class='ocrx_word' id='word_1_110' title='bbox 1099 1727 1221 1820; x_wconf 78' lang='lat' dir='ltr'><strong>Congr.</strong></span> <span class='ocrx_word' id='word_1_111' title='bbox 1238 1724 1457 1818; x_wconf 89' lang='lat' dir='ltr'><strong>respondisse</strong></span> 
     </span>
     <span class='ocr_line' id='line_1_14' title="bbox 185 1831 1462 1930; baseline -0.003 -30"><span class='ocrx_word' id='word_1_112' title='bbox 185 1839 222 1900; x_wconf 83' lang='lat' dir='ltr'><strong>ia</strong></span> <span class='ocrx_word' id='word_1_113' title='bbox 245 1831 386 1904; x_wconf 80' lang='lat' dir='ltr'><strong>leuuca.</strong></span> <span class='ocrx_word' id='word_1_114' title='bbox 415 1835 618 1930; x_wconf 80' lang='lat' dir='ltr'><strong>sputaculium</strong></span> <span class='ocrx_word' id='word_1_115' title='bbox 644 1839 686 1904; x_wconf 73' lang='lat' dir='ltr'><strong>li</strong></span> <span class='ocrx_word' id='word_1_116' title='bbox 710 1836 903 1917; x_wconf 80' lang='lat' dir='ltr'><strong>Decembris</strong></span> <span class='ocrx_word' id='word_1_117' title='bbox 931 1836 1033 1917; x_wconf 91' lang='grc'><strong>1733,</strong></span> <span class='ocrx_word' id='word_1_118' title='bbox 1060 1834 1097 1902; x_wconf 85' lang='lat' dir='ltr'><strong>iu</strong></span> <span class='ocrx_word' id='word_1_119' title='bbox 1120 1832 1321 1903; x_wconf 84' lang='lat' dir='ltr'><strong>Meleoitana</strong></span> <span class='ocrx_word' id='word_1_120' title='bbox 1344 1853 1462 1925; x_wconf 82' lang='lat' dir='ltr'><strong>spons.</strong></span> 
     </span>
     <span class='ocr_line' id='line_1_15' title="bbox 185 1938 1273 2037; baseline -0.001 -29"><span class='ocrx_word' id='word_1_121' title='bbox 185 1945 230 2009; x_wconf 72' lang='grc'><strong>32</strong></span> <span class='ocrx_word' id='word_1_122' title='bbox 244 1939 435 2020; x_wconf 78' lang='lat' dir='ltr'><strong>Febnrarii,</strong></span> <span class='ocrx_word' id='word_1_123' title='bbox 454 1956 485 2011; x_wconf 89' lang='lat' dir='ltr'><strong>et</strong></span> <span class='ocrx_word' id='word_1_124' title='bbox 504 1945 539 2010; x_wconf 88' lang='lat' dir='ltr'><strong>in</strong></span> <span class='ocrx_word' id='word_1_125' title='bbox 560 1941 740 2012; x_wconf 85' lang='lat' dir='ltr'><strong>Viterbien.</strong></span> <span class='ocrx_word' id='word_1_126' title='bbox 759 1965 868 2037; x_wconf 85' lang='lat' dir='ltr'><strong>spons.</strong></span> <span class='ocrx_word' id='word_1_127' title='bbox 892 1943 932 2012; x_wconf 98' lang='grc'><strong>13</strong></span> <span class='ocrx_word' id='word_1_128' title='bbox 951 1938 1153 2036; x_wconf 81' lang='lat' dir='ltr'><strong>Septembris</strong></span> <span class='ocrx_word' id='word_1_129' title='bbox 1172 1941 1273 2008; x_wconf 76' lang='lat' dir='ltr'><strong>lasa.</strong></span> 
     </span>
    </p>
   </div>
   <div class='ocr_carea' id='block_1_3' title="bbox 179 2251 1462 4364">
    <p class='ocr_par' dir='ltr' id='par_1_3' title="bbox 187 2251 1459 2453">
     <span class='ocr_line' id='line_1_16' title="bbox 257 2251 1459 2347; baseline 0 -26"><span class='ocrx_word' id='word_1_130' title='bbox 257 2256 346 2324; x_wconf 77' lang='lat' dir='ltr'><strong>adn</strong></span> <span class='ocrx_word' id='word_1_131' title='bbox 375 2268 411 2325; x_wconf 89' lang='lat' dir='ltr'><strong>et</strong></span> <span class='ocrx_word' id='word_1_132' title='bbox 435 2257 606 2347; x_wconf 91' lang='lat' dir='ltr'><strong>quomodo</strong></span> <span class='ocrx_word' id='word_1_133' title='bbox 631 2257 871 2329; x_wconf 92' lang='lat' dir='ltr'><strong>sustinendum</strong></span> <span class='ocrx_word' id='word_1_134' title='bbox 896 2257 950 2328; x_wconf 85' lang='lat' dir='ltr'><strong>vel</strong></span> <span class='ocrx_word' id='word_1_135' title='bbox 974 2255 1221 2327; x_wconf 88' lang='lat' dir='ltr'><strong>removendum</strong></span> <span class='ocrx_word' id='word_1_136' title='bbox 1245 2255 1290 2324; x_wconf 89' lang='lat' dir='ltr'><strong>sit</strong></span> <span class='ocrx_word' id='word_1_137' title='bbox 1311 2251 1459 2346; x_wconf 91' lang='lat' dir='ltr'><strong>impedi·</strong></span> 
     </span>
     <span class='ocr_line' id='line_1_17' title="bbox 187 2360 819 2453; baseline 0.002 -27"><span class='ocrx_word' id='word_1_138' title='bbox 187 2373 379 2431; x_wconf 79' lang='lat' dir='ltr'><strong>»mentum</strong></span> <span class='ocrx_word' id='word_1_139' title='bbox 404 2360 621 2453; x_wconf 86' lang='lat' dir='ltr'><strong>Sponsalium</strong></span> <span class='ocrx_word' id='word_1_140' title='bbox 642 2364 677 2431; x_wconf 94' lang='lat' dir='ltr'><strong>in</strong></span> <span class='ocrx_word' id='word_1_141' title='bbox 702 2385 819 2432; x_wconf 81' lang='lat' dir='ltr'><strong>casu.»</strong></span> 
     </span>
    </p>

    <p class='ocr_par' dir='ltr' id='par_1_4' title="bbox 183 2465 1462 2774">
     <span class='ocr_line' id='line_1_18' title="bbox 255 2465 1456 2560; baseline -0.002 -25"><span class='ocrx_word' id='word_1_142' title='bbox 255 2466 434 2536; x_wconf 82' lang='lat' dir='ltr'><strong>Rasorurro</strong></span> <span class='ocrx_word' id='word_1_143' title='bbox 454 2469 712 2538; x_wconf 74' lang='lat' dir='ltr'><strong>naara—Sacra</strong></span> <span class='ocrx_word' id='word_1_144' title='bbox 729 2466 957 2560; x_wconf 76' lang='lat' dir='ltr'><strong>Congregatio</strong></span> <span class='ocrx_word' id='word_1_145' title='bbox 971 2465 1114 2537; x_wconf 87' lang='lat' dir='ltr'><strong>Concilii</strong></span> <span class='ocrx_word' id='word_1_146' title='bbox 1132 2465 1187 2538; x_wconf 92' lang='lat' dir='ltr'><strong>die</strong></span> <span class='ocrx_word' id='word_1_147' title='bbox 1199 2470 1243 2536; x_wconf 72' lang='lat'><strong>27</strong></span> <span class='ocrx_word' id='word_1_148' title='bbox 1256 2465 1343 2536; x_wconf 92' lang='lat' dir='ltr'><strong>lunii</strong></span> <span class='ocrx_word' id='word_1_149' title='bbox 1364 2465 1456 2533; x_wconf 87' lang='grc'><strong>1863</strong></span> 
     </span>
     <span class='ocr_line' id='line_1_19' title="bbox 183 2571 1462 2666; baseline -0.004 -24"><span class='ocrx_word' id='word_1_150' title='bbox 183 2573 318 2644; x_wconf 87' lang='lat' dir='ltr'><strong>censuit</strong></span> <span class='ocrx_word' id='word_1_151' title='bbox 343 2573 589 2645; x_wconf 92' lang='lat' dir='ltr'><strong>removendum</strong></span> <span class='ocrx_word' id='word_1_152' title='bbox 606 2598 681 2645; x_wconf 90' lang='lat' dir='ltr'><strong>esse</strong></span> <span class='ocrx_word' id='word_1_153' title='bbox 698 2573 917 2666; x_wconf 88' lang='lat' dir='ltr'><strong>Sponsalium</strong></span> <span class='ocrx_word' id='word_1_154' title='bbox 942 2572 1227 2665; x_wconf 86' lang='lat' dir='ltr'><strong>impedimentum</strong></span> <span class='ocrx_word' id='word_1_155' title='bbox 1249 2571 1462 2664; x_wconf 89' lang='lat' dir='ltr'><strong>responden·</strong></span> 
     </span>
     <span class='ocr_line' id='line_1_20' title="bbox 183 2676 1352 2774; baseline -0.003 -25"><span class='ocrx_word' id='word_1_156' title='bbox 183 2678 243 2749; x_wconf 91' lang='lat' dir='ltr'><strong>do:</strong></span> <span class='ocrx_word' id='word_1_157' title='bbox 269 2676 431 2772; x_wconf 78' lang='lat' dir='ltr'><strong>Nepotioe</strong></span> <span class='ocrx_word' id='word_1_158' title='bbox 454 2678 500 2749; x_wconf 89' lang='lat' dir='ltr'><strong>ud</strong></span> <span class='ocrx_word' id='word_1_159' title='bbox 519 2680 668 2773; x_wconf 76' lang='lat' dir='ltr'><strong>primam</strong></span> <span class='ocrx_word' id='word_1_160' title='bbox 692 2693 842 2774; x_wconf 85' lang='lat' dir='ltr'><strong>partem,</strong></span> <span class='ocrx_word' id='word_1_161' title='bbox 867 2677 1071 2772; x_wconf 78' lang='lat' dir='ltr'><strong>affirmative</strong></span> <span class='ocrx_word' id='word_1_162' title='bbox 1094 2677 1139 2747; x_wconf 88' lang='lat' dir='ltr'><strong>ud</strong></span> <span class='ocrx_word' id='word_1_163' title='bbox 1160 2677 1352 2749; x_wconf 85' lang='lat' dir='ltr'><strong>secundam.</strong></span> 
     </span>
    </p>

    <p class='ocr_par' dir='ltr' id='par_1_5' title="bbox 183 2784 1457 2963">
     <span class='ocr_line' id='line_1_21' title="bbox 254 2784 1457 2856; baseline -0.006 -1"><span class='ocrx_word' id='word_1_164' title='bbox 254 2784 305 2855; x_wconf 87' lang='lat' dir='ltr'><strong>Ex</strong></span> <span class='ocrx_word' id='word_1_165' title='bbox 332 2808 487 2856; x_wconf 83' lang='lat' dir='ltr'><strong>oocrnma</strong></span> <span class='ocrx_word' id='word_1_166' title='bbox 505 2810 662 2856; x_wconf 79' lang='lat' dir='ltr'><strong>acconam</strong></span> <span class='ocrx_word' id='word_1_167' title='bbox 689 2809 840 2855; x_wconf 79' lang='lat' dir='ltr'><strong>aurosus</strong></span> <span class='ocrx_word' id='word_1_168' title='bbox 858 2809 916 2855; x_wconf 86' lang='lat' dir='ltr'><strong>ruo</strong></span> <span class='ocrx_word' id='word_1_169' title='bbox 935 2806 1107 2853; x_wconf 76' lang='lat' dir='ltr'><strong>austrasie</strong></span> <span class='ocrx_word' id='word_1_170' title='bbox 1134 2806 1321 2853; x_wconf 80' lang='lat' dir='ltr'><strong>srousaaroa</strong></span> <span class='ocrx_word' id='word_1_171' title='bbox 1340 2803 1457 2852; x_wconf 79' lang='lat' dir='ltr'><strong>cocar-</strong></span> 
     </span>
     <span class='ocr_line' id='line_1_22' title="bbox 183 2916 553 2963; baseline 0.003 -1"><span class='ocrx_word' id='word_1_172' title='bbox 183 2916 263 2962; x_wconf 83' lang='lat' dir='ltr'><strong>caas</strong></span> <span class='ocrx_word' id='word_1_173' title='bbox 281 2916 430 2962; x_wconf 79' lang='lat' dir='ltr'><strong>saevires</strong></span> <span class='ocrx_word' id='word_1_174' title='bbox 449 2917 553 2963; x_wconf 82' lang='lat' dir='ltr'><strong>roras.</strong></span> 
     </span>
    </p>

    <p class='ocr_par' dir='ltr' id='par_1_6' title="bbox 183 2996 1452 3200">
     <span class='ocr_line' id='line_1_23' title="bbox 254 2996 1452 3093; baseline -0.004 -25"><span class='ocrx_word' id='word_1_175' title='bbox 254 2999 279 3068; x_wconf 94' lang='grc'><strong>1.</strong></span> <span class='ocrx_word' id='word_1_176' title='bbox 308 2998 381 3069; x_wconf 82' lang='grc' dir='ltr'><strong>Νοη</strong></span> <span class='ocrx_word' id='word_1_177' title='bbox 407 3001 539 3070; x_wconf 87' lang='lat' dir='ltr'><strong>censeri</strong></span> <span class='ocrx_word' id='word_1_178' title='bbox 556 3021 677 3072; x_wconf 87' lang='lat' dir='ltr'><strong>rerum</strong></span> <span class='ocrx_word' id='word_1_179' title='bbox 694 2998 914 3093; x_wconf 90' lang='lat' dir='ltr'><strong>Sponsalium</strong></span> <span class='ocrx_word' id='word_1_180' title='bbox 931 3008 1165 3078; x_wconf 89' lang='lat' dir='ltr'><strong>contractum,</strong></span> <span class='ocrx_word' id='word_1_181' title='bbox 1185 2996 1212 3066; x_wconf 94' lang='lat' dir='ltr'><strong>si</strong></span> <span class='ocrx_word' id='word_1_182' title='bbox 1230 3008 1368 3066; x_wconf 88' lang='lat' dir='ltr'><strong>tantum</strong></span> <span class='ocrx_word' id='word_1_183' title='bbox 1386 3015 1452 3064; x_wconf 91' lang='lat' dir='ltr'><strong>uua</strong></span> 
     </span>
     <span class='ocr_line' id='line_1_24' title="bbox 183 3101 1076 3200; baseline -0.006 -25"><span class='ocrx_word' id='word_1_184' title='bbox 183 3128 262 3198; x_wconf 89' lang='lat' dir='ltr'><strong>pars</strong></span> <span class='ocrx_word' id='word_1_185' title='bbox 279 3106 483 3200; x_wconf 86' lang='lat' dir='ltr'><strong>promittat,</strong></span> <span class='ocrx_word' id='word_1_186' title='bbox 510 3106 618 3178; x_wconf 88' lang='lat' dir='ltr'><strong>altera</strong></span> <span class='ocrx_word' id='word_1_187' title='bbox 642 3128 724 3176; x_wconf 86' lang='lat' dir='ltr'><strong>vero</strong></span> <span class='ocrx_word' id='word_1_188' title='bbox 748 3127 817 3175; x_wconf 93' lang='lat' dir='ltr'><strong>uon</strong></span> <span class='ocrx_word' id='word_1_189' title='bbox 842 3101 1076 3195; x_wconf 83' lang='lat' dir='ltr'><strong>repromittat.</strong></span> 
     </span>
    </p>

    <p class='ocr_par' dir='ltr' id='par_1_7' title="bbox 181 3207 1455 3623">
     <span class='ocr_line' id='line_1_25' title="bbox 253 3207 1454 3305; baseline -0.005 -24"><span class='ocrx_word' id='word_1_190' title='bbox 253 3211 295 3281; x_wconf 95' lang='lat' dir='ltr'><strong>ll.</strong></span> <span class='ocrx_word' id='word_1_191' title='bbox 322 3211 395 3283; x_wconf 94' lang='lat' dir='ltr'><strong>lmo</strong></span> <span class='ocrx_word' id='word_1_192' title='bbox 419 3234 531 3305; x_wconf 92' lang='lat' dir='ltr'><strong>neque</strong></span> <span class='ocrx_word' id='word_1_193' title='bbox 547 3213 679 3284; x_wconf 90' lang='lat' dir='ltr'><strong>censeri</strong></span> <span class='ocrx_word' id='word_1_194' title='bbox 697 3210 916 3304; x_wconf 85' lang='lat' dir='ltr'><strong>Sponsalium</strong></span> <span class='ocrx_word' id='word_1_195' title='bbox 937 3220 1166 3289; x_wconf 87' lang='lat' dir='ltr'><strong>contractum,</strong></span> <span class='ocrx_word' id='word_1_196' title='bbox 1184 3207 1212 3277; x_wconf 90' lang='lat' dir='ltr'><strong>si</strong></span> <span class='ocrx_word' id='word_1_197' title='bbox 1231 3218 1366 3278; x_wconf 93' lang='lat' dir='ltr'><strong>tantum</strong></span> <span class='ocrx_word' id='word_1_198' title='bbox 1385 3229 1454 3276; x_wconf 93' lang='lat' dir='ltr'><strong>una</strong></span> 
     </span>
     <span class='ocr_line' id='line_1_26' title="bbox 184 3314 1455 3410; baseline -0.006 -22"><span class='ocrx_word' id='word_1_199' title='bbox 184 3339 262 3408; x_wconf 90' lang='lat' dir='ltr'><strong>pars</strong></span> <span class='ocrx_word' id='word_1_200' title='bbox 284 3319 486 3410; x_wconf 85' lang='lat' dir='ltr'><strong>promittat,</strong></span> <span class='ocrx_word' id='word_1_201' title='bbox 504 3318 613 3389; x_wconf 90' lang='lat' dir='ltr'><strong>altera</strong></span> <span class='ocrx_word' id='word_1_202' title='bbox 631 3341 712 3389; x_wconf 88' lang='lat' dir='ltr'><strong>vcro</strong></span> <span class='ocrx_word' id='word_1_203' title='bbox 729 3328 888 3409; x_wconf 86' lang='lat' dir='ltr'><strong>acceptet</strong></span> <span class='ocrx_word' id='word_1_204' title='bbox 911 3328 1046 3385; x_wconf 89' lang='lat' dir='ltr'><strong>tantum</strong></span> <span class='ocrx_word' id='word_1_205' title='bbox 1073 3314 1350 3406; x_wconf 87' lang='lat' dir='ltr'><strong>promissionem,</strong></span> <span class='ocrx_word' id='word_1_206' title='bbox 1370 3314 1455 3406; x_wconf 89' lang='lat' dir='ltr'><strong>quin</strong></span> 
     </span>
     <span class='ocr_line' id='line_1_27' title="bbox 182 3420 1452 3518; baseline -0.006 -24"><span class='ocrx_word' id='word_1_207' title='bbox 182 3423 329 3515; x_wconf 87' lang='lat' dir='ltr'><strong>positive</strong></span> <span class='ocrx_word' id='word_1_208' title='bbox 363 3425 595 3518; x_wconf 86' lang='lat' dir='ltr'><strong>repromittat.</strong></span> <span class='ocrx_word' id='word_1_209' title='bbox 627 3424 829 3495; x_wconf 90' lang='lat' dir='ltr'><strong>Huiusmodi</strong></span> <span class='ocrx_word' id='word_1_210' title='bbox 868 3423 960 3493; x_wconf 86' lang='lat' dir='ltr'><strong>enim</strong></span> <span class='ocrx_word' id='word_1_211' title='bbox 996 3421 1198 3514; x_wconf 80' lang='lat' dir='ltr'><strong>gravissima</strong></span> <span class='ocrx_word' id='word_1_212' title='bbox 1234 3420 1452 3516; x_wconf 90' lang='lat' dir='ltr'><strong>Sponsalium</strong></span> 
     </span>
     <span class='ocr_line' id='line_1_28' title="bbox 181 3529 924 3623; baseline -0.004 -24"><span class='ocrx_word' id='word_1_213' title='bbox 181 3529 345 3622; x_wconf 79' lang='lat' dir='ltr'><strong>obligatio</strong></span> <span class='ocrx_word' id='word_1_214' title='bbox 368 3553 436 3602; x_wconf 93' lang='lat' dir='ltr'><strong>non</strong></span> <span class='ocrx_word' id='word_1_215' title='bbox 462 3544 515 3603; x_wconf 91' lang='lat' dir='ltr'><strong>est</strong></span> <span class='ocrx_word' id='word_1_216' title='bbox 538 3530 638 3601; x_wconf 85' lang='lat' dir='ltr'><strong>lacile</strong></span> <span class='ocrx_word' id='word_1_217' title='bbox 663 3529 924 3623; x_wconf 90' lang='lat' dir='ltr'><strong>praesumenda.</strong></span> 
     </span>
    </p>

    <p class='ocr_par' dir='ltr' id='par_1_8' title="bbox 180 3630 1457 3943">
     <span class='ocr_line' id='line_1_29' title="bbox 252 3630 1454 3730; baseline -0.005 -26"><span class='ocrx_word' id='word_1_218' title='bbox 252 3634 310 3705; x_wconf 94' lang='lat' dir='ltr'><strong>lll.</strong></span> <span class='ocrx_word' id='word_1_219' title='bbox 336 3634 417 3706; x_wconf 86' lang='lat' dir='ltr'><strong>llari</strong></span> <span class='ocrx_word' id='word_1_220' title='bbox 438 3660 538 3730; x_wconf 89' lang='lat' dir='ltr'><strong>posse</strong></span> <span class='ocrx_word' id='word_1_221' title='bbox 554 3648 671 3708; x_wconf 88' lang='lat' dir='ltr'><strong>tamen</strong></span> <span class='ocrx_word' id='word_1_222' title='bbox 689 3657 808 3708; x_wconf 89' lang='lat' dir='ltr'><strong>casum</strong></span> <span class='ocrx_word' id='word_1_223' title='bbox 826 3637 860 3704; x_wconf 92' lang='lat' dir='ltr'><strong>in</strong></span> <span class='ocrx_word' id='word_1_224' title='bbox 877 3656 945 3727; x_wconf 93' lang='lat' dir='ltr'><strong>quo</strong></span> <span class='ocrx_word' id='word_1_225' title='bbox 962 3631 1167 3724; x_wconf 89' lang='lat' dir='ltr'><strong>acceptatio,</strong></span> <span class='ocrx_word' id='word_1_226' title='bbox 1194 3630 1454 3724; x_wconf 87' lang='lat' dir='ltr'><strong>repromissioni</strong></span> 
     </span>
     <span class='ocr_line' id='line_1_30' title="bbox 180 3736 1457 3838; baseline -0.006 -26"><span class='ocrx_word' id='word_1_227' title='bbox 180 3740 455 3834; x_wconf 89' lang='lat' dir='ltr'><strong>aequivaleat,ut</strong></span> <span class='ocrx_word' id='word_1_228' title='bbox 467 3745 496 3814; x_wconf 89' lang='lat' dir='ltr'><strong>si</strong></span> <span class='ocrx_word' id='word_1_229' title='bbox 509 3743 635 3814; x_wconf 89' lang='lat' dir='ltr'><strong>mulier</strong></span> <span class='ocrx_word' id='word_1_230' title='bbox 646 3742 926 3838; x_wconf 81' lang='lat' dir='ltr'><strong>qaoehoaestosit</strong></span> <span class='ocrx_word' id='word_1_231' title='bbox 937 3741 970 3809; x_wconf 94' lang='lat' dir='ltr'><strong>in</strong></span> <span class='ocrx_word' id='word_1_232' title='bbox 982 3751 1117 3809; x_wconf 89' lang='lat' dir='ltr'><strong>tantum</strong></span> <span class='ocrx_word' id='word_1_233' title='bbox 1128 3739 1179 3808; x_wconf 91' lang='lat' dir='ltr'><strong>sui</strong></span> <span class='ocrx_word' id='word_1_234' title='bbox 1190 3739 1339 3809; x_wconf 90' lang='lat' dir='ltr'><strong>dedecus</strong></span> <span class='ocrx_word' id='word_1_235' title='bbox 1354 3736 1457 3806; x_wconf 93' lang='lat' dir='ltr'><strong>indu-</strong></span> 
     </span>
     <span class='ocr_line' id='line_1_31' title="bbox 180 3841 1454 3943; baseline -0.008 -23"><span class='ocrx_word' id='word_1_236' title='bbox 180 3860 292 3931; x_wconf 90' lang='lat' dir='ltr'><strong>catur,</strong></span> <span class='ocrx_word' id='word_1_237' title='bbox 306 3860 346 3918; x_wconf 90' lang='lat' dir='ltr'><strong>ut</strong></span> <span class='ocrx_word' id='word_1_238' title='bbox 358 3864 436 3943; x_wconf 91' lang='lat' dir='ltr'><strong>post</strong></span> <span class='ocrx_word' id='word_1_239' title='bbox 449 3851 722 3943; x_wconf 87' lang='lat' dir='ltr'><strong>acceptationem</strong></span> <span class='ocrx_word' id='word_1_240' title='bbox 740 3847 996 3942; x_wconf 89' lang='lat' dir='ltr'><strong>promissionis,</strong></span> <span class='ocrx_word' id='word_1_241' title='bbox 1011 3843 1267 3915; x_wconf 84' lang='lat' dir='ltr'><strong>deflorationem</strong></span> <span class='ocrx_word' id='word_1_242' title='bbox 1286 3841 1454 3934; x_wconf 89' lang='lat' dir='ltr'><strong>patiatur.</strong></span> 
     </span>
    </p>

    <p class='ocr_par' dir='ltr' id='par_1_9' title="bbox 179 3951 1456 4364">
     <span class='ocr_line' id='line_1_32' title="bbox 251 3951 1456 4049; baseline -0.007 -25"><span class='ocrx_word' id='word_1_243' title='bbox 251 3953 308 4024; x_wconf 88' lang='lat' dir='ltr'><strong>lv.</strong></span> <span class='ocrx_word' id='word_1_244' title='bbox 336 3955 372 4024; x_wconf 95' lang='lat' dir='ltr'><strong>ln</strong></span> <span class='ocrx_word' id='word_1_245' title='bbox 398 3956 713 4049; x_wconf 84' lang='lat' dir='ltr'><strong>praesentientem</strong></span> <span class='ocrx_word' id='word_1_246' title='bbox 738 3954 849 4037; x_wconf 88' lang='lat' dir='ltr'><strong>lacto,</strong></span> <span class='ocrx_word' id='word_1_247' title='bbox 876 3952 1002 4023; x_wconf 89' lang='lat' dir='ltr'><strong>ceteris</strong></span> <span class='ocrx_word' id='word_1_248' title='bbox 1019 3951 1174 4031; x_wconf 75' lang='lat' dir='ltr'><strong>omissis,</strong></span> <span class='ocrx_word' id='word_1_249' title='bbox 1193 3959 1456 4042; x_wconf 69' lang='lat' dir='ltr'><strong>praeterquam·</strong></span> 
     </span>
     <span class='ocr_line' id='line_1_33' title="bbox 180 4053 1454 4152; baseline -0.009 -21"><span class='ocrx_word' id='word_1_250' title='bbox 180 4060 274 4152; x_wconf 93' lang='lat' dir='ltr'><strong>quod</strong></span> <span class='ocrx_word' id='word_1_251' title='bbox 298 4083 365 4131; x_wconf 94' lang='lat' dir='ltr'><strong>nou</strong></span> <span class='ocrx_word' id='word_1_252' title='bbox 390 4062 570 4135; x_wconf 81' lang='lat' dir='ltr'><strong>constabat</strong></span> <span class='ocrx_word' id='word_1_253' title='bbox 594 4062 636 4133; x_wconf 92' lang='lat' dir='ltr'><strong>de</strong></span> <span class='ocrx_word' id='word_1_254' title='bbox 660 4061 724 4132; x_wconf 92' lang='lat' dir='ltr'><strong>hac</strong></span> <span class='ocrx_word' id='word_1_255' title='bbox 748 4057 1013 4152; x_wconf 90' lang='lat' dir='ltr'><strong>repromissione</strong></span> <span class='ocrx_word' id='word_1_256' title='bbox 1045 4057 1117 4126; x_wconf 88' lang='lat' dir='ltr'><strong>sive</strong></span> <span class='ocrx_word' id='word_1_257' title='bbox 1134 4054 1297 4147; x_wconf 84' lang='lat' dir='ltr'><strong>explicite</strong></span> <span class='ocrx_word' id='word_1_258' title='bbox 1325 4053 1454 4124; x_wconf 87' lang='lat' dir='ltr'><strong>emissa</strong></span> 
     </span>
     <span class='ocr_line' id='line_1_34' title="bbox 180 4161 1453 4260; baseline -0.006 -24"><span class='ocrx_word' id='word_1_259' title='bbox 180 4167 254 4237; x_wconf 88' lang='lat' dir='ltr'><strong>sive</strong></span> <span class='ocrx_word' id='word_1_260' title='bbox 278 4166 554 4260; x_wconf 84' lang='lat' dir='ltr'><strong>aequivalenter,</strong></span> <span class='ocrx_word' id='word_1_261' title='bbox 579 4168 697 4239; x_wconf 90' lang='lat' dir='ltr'><strong>aderat</strong></span> <span class='ocrx_word' id='word_1_262' title='bbox 721 4163 1029 4256; x_wconf 76' lang='lat' dir='ltr'><strong>consanguinitatis</strong></span> <span class='ocrx_word' id='word_1_263' title='bbox 1053 4161 1363 4254; x_wconf 88' lang='lat' dir='ltr'><strong>impedimentum,</strong></span> <span class='ocrx_word' id='word_1_264' title='bbox 1381 4179 1453 4251; x_wconf 91' lang='lat' dir='ltr'><strong>quo</strong></span> 
     </span>
     <span class='ocr_line' id='line_1_35' title="bbox 179 4269 960 4364; baseline -0.012 -18"><span class='ocrx_word' id='word_1_265' title='bbox 179 4285 342 4358; x_wconf 85' lang='lat' dir='ltr'><strong>extante,</strong></span> <span class='ocrx_word' id='word_1_266' title='bbox 368 4297 436 4346; x_wconf 94' lang='lat' dir='ltr'><strong>non</strong></span> <span class='ocrx_word' id='word_1_267' title='bbox 461 4274 680 4346; x_wconf 88' lang='lat' dir='ltr'><strong>sustinentur</strong></span> <span class='ocrx_word' id='word_1_268' title='bbox 703 4269 873 4364; x_wconf 90' lang='lat' dir='ltr'><strong>sponsalia</strong></span> <span class='ocrx_word' id='word_1_269' title='bbox 899 4269 910 4362; x_wconf 72' lang='grc'><strong>1</strong></span> <span class='ocrx_word' id='word_1_270' title='bbox 935 4269 960 4363; x_wconf 91' lang='grc'><strong>).</strong></span> 
     </span>
    </p>
   </div>
   <div class='ocr_carea' id='block_1_4' title="bbox 249 4413 965 4557">
    <p class='ocr_par' dir='ltr' id='par_1_10' title="bbox 249 4413 965 4557">
     <span class='ocr_line' id='line_1_36' title="bbox 249 4413 965 4488; baseline -0.004 -16"><span class='ocrx_word' id='word_1_271' title='bbox 249 4421 286 4486; x_wconf 76' lang='lat' dir='ltr'><strong>tt)</strong></span> <span class='ocrx_word' id='word_1_272' title='bbox 303 4417 365 4474; x_wconf 80' lang='lat' dir='ltr'><strong>vid.</strong></span> <span class='ocrx_word' id='word_1_273' title='bbox 383 4427 537 4488; x_wconf 79' lang='lat' dir='ltr'><strong>sequemem</strong></span> <span class='ocrx_word' id='word_1_274' title='bbox 556 4431 664 4474; x_wconf 88' lang='lat' dir='ltr'><strong>causam</strong></span> <span class='ocrx_word' id='word_1_275' title='bbox 683 4424 709 4471; x_wconf 86' lang='lat' dir='ltr'><strong>at</strong></span> <span class='ocrx_word' id='word_1_276' title='bbox 726 4413 899 4486; x_wconf 85' lang='lat' dir='ltr'><strong>appendicem</strong></span> <span class='ocrx_word' id='word_1_277' title='bbox 919 4413 965 4469; x_wconf 87' lang='lat' dir='ltr'><strong>lV.</strong></span> 
     </span>
     <span class='ocr_line' id='line_1_37' title="bbox 688 4529 942 4557; baseline -0.012 -3"><span class='ocrx_word' id='word_1_278' title='bbox 688 4529 942 4557; x_wconf 76' lang='grc'><strong><em>.........--</em></strong></span> 
     </span>
    </p>
   </div>
   <div class='ocr_carea' id='block_1_5' title="bbox 0 0 1628 5004">
    <p class='ocr_par' dir='ltr' id='par_1_11' title="bbox 0 0 1628 5004">
     <span class='ocr_line' id='line_1_38' title="bbox 0 0 1628 5004; baseline 0 2"><span class='ocrx_word' id='word_1_279' title='bbox 0 0 1628 5004; x_wconf 95' lang='lat' dir='ltr'><strong> </strong></span> 
     </span>
    </p>
   </div>
  </div>
 </body>
</html>
