3282 5008
197 429 263 496 161
525 441 734 493 eururrmsrs
758 442 797 490 ar
824 437 1133 489 arnrrrsemrrorus.

193 551 336 636 luisset,
354 552 437 647 quin
464 551 534 622 imo
558 550 806 620 documentum
831 545 1019 639 positivum
1044 542 1203 626 extabat,
1222 543 1264 614 ab
1289 545 1363 638 ipso
1388 545 1475 640 Epi·

193 680 301 749 scopo
324 657 548 751 productum,
567 664 629 725 aut
644 651 768 723 saltem
786 673 854 722 non
872 650 1134 742 impugnatum,
1160 649 1249 741 quod
1274 673 1393 743 reapse
1410 653 1474 723 ad·

193 761 336 834 luisset:
364 773 545 855 perspecta
570 756 740 851 siquidem
765 768 852 836 erat,
872 777 914 825 ex
932 753 1030 824 libris
1054 754 1371 840 administrationis,
1389 756 1473 828 dato

194 867 262 939 diei
288 880 323 939 et
346 868 428 939 anni
456 889 525 960 quo
551 875 750 937 contractus
772 860 967 934 celebratus
982 859 1068 942 fuit,
1088 872 1124 932 et
1148 861 1287 953 insuper
1309 859 1475 934 Notarius

195 973 461 1056 nominabatur,
479 971 539 1064 qui
557 971 829 1041 instrumentum
854 975 1046 1058 rogaverat.
1066 965 1169 1035 Aliud
1190 986 1290 1057 porro
1310 978 1364 1037 est
1379 966 1474 1038 Scri·

197 1088 337 1168 pturam
354 1099 422 1148 non
439 1075 688 1155 intervenisse,
706 1071 798 1143 aliud
814 1092 881 1142 non
899 1069 1042 1163 reperiri
1059 1091 1098 1140 ac
1115 1069 1286 1162 perditum
1304 1071 1419 1143 ivisse.

268 1181 420 1274 ldipsum
453 1181 495 1252 dc
528 1176 750 1270 Beneplacito
785 1173 984 1270 Apostolico
1014 1173 1197 1245 dicendum
1232 1187 1326 1259 erat;
1357 1197 1475 1269 neque

196 1287 289 1358 enim
308 1310 351 1359 ex
368 1309 429 1369 eo,
447 1285 538 1379 quod
563 1283 705 1356 minime
730 1281 940 1374 reperiatur,
967 1277 1085 1352 inferri
1109 1293 1244 1372 potest,
1270 1283 1382 1374 ipsum
1400 1305 1474 1355 non

196 1392 303 1464 luisse
328 1392 566 1484 impetratum.
594 1388 661 1462 Sed
685 1390 861 1461 enimvem
885 1410 926 1460 eo
943 1387 1038 1478 ipso,
1056 1386 1148 1479 quod
1164 1386 1340 1480 Scriptura
1364 1389 1475 1460 inter·

195 1499 347 1581 uiderat,
371 1497 633 1590 Beneplacitum
657 1495 785 1576 etiam,
810 1494 909 1566 cuius
933 1505 1033 1564 tenor
1056 1491 1184 1564 ibidem
1215 1493 1334 1567 referri
1357 1496 1472 1579 solet,

196 1603 316 1674 eadem
340 1603 440 1672 ruina
464 1601 652 1695 deperiisse
675 1600 868 1693 putandum
893 1609 959 1670 est.

266 1709 313 1778 At
337 1730 419 1779 vero
444 1706 537 1778 aliud
562 1719 637 1778 erat
668 1704 983 1799 propugnaculum,
1009 1727 1077 1797 quo
1109 1704 1356 1798 emphyteutae
1379 1730 1473 1778 mor-

195 1813 295 1885 dicus
311 1813 384 1883 iura
401 1835 463 1884 sua
480 1813 681 1898 tuebantur3
699 1811 733 1882 id
749 1823 824 1884 erat
848 1812 1074 1904 praescriptio
1096 1832 1264 1881 annorum
1289 1814 1473 1906 plusquam

196 1919 388 2011 sexaginta.
404 1916 479 2004 Qua
493 1919 526 1986 in
540 1941 578 1990 re
594 1916 805 1998 statuebant,
821 1939 864 1988 ex
876 1916 1050 1987 communi
1067 1915 1315 1987 SS.Canonum
1333 1919 1419 2002 iure,
1429 1919 1470 1990 ad

194 2023 506 2119 praescriptionem
530 2023 701 2095 bonorum
725 2021 1046 2094 Ecclesiastioorum
1072 2023 1156 2093 satis
1172 2045 1247 2094 esse
1263 2023 1398 2116 lapsum
1416 2047 1474 2095 an·

195 2150 320 2201 norum
347 2129 488 2220 triginta
512 2149 592 2200 cum
616 2126 871 2199 conditionibus
894 2148 914 2196 a
937 2125 1013 2218 lege
1037 2127 1271 2218 praescriptis.

268 2231 387 2326 Neque
420 2258 500 2307 vero
524 2233 717 2328 Episcopus
741 2231 946 2303 beneficium
971 2230 1239 2303 Constitutionis
1266 2231 1302 2303 S.
1332 2232 1377 2304 M.
1408 2235 1471 2305 Ur-

197 2339 277 2410 bani
303 2339 390 2410 Vlll.
417 2338 581 2431 incipicn.
609 2337 780 2408 Romanus
803 2336 963 2431 Pontifex
992 2337 1165 2407 vindicare
1190 2336 1253 2406 sibi
1277 2339 1473 2429 potuisset,

196 2446 297 2516 cuius
321 2469 364 2516 ex
388 2445 612 2539 dispositione
637 2445 808 2514 sancitum
832 2456 906 2524 est,
927 2455 983 2524 ut,
1010 2443 1052 2513 ad
1076 2441 1337 2535 praescribenda
1354 2444 1474 2516 Eccle-

198 2551 269 2621 siae
300 2549 394 2631 iura,
421 2548 647 2641 praescriptio
679 2547 868 2639 longissimi
894 2547 1059 2638 temporis
1083 2549 1289 2639 requiratur.
1320 2547 1478 2642 Emphy·

198 2664 316 2724 tentae
341 2655 511 2746 siquidem
543 2651 776 2734 adnotabant,
808 2649 1102 2724 Constitutionem
1127 2653 1255 2724 Urbani
1280 2652 1368 2723 lllll.
1396 2665 1473 2726 tum

197 2781 296 2828 suam
322 2781 463 2832 exerere
487 2760 578 2842 vim,
605 2780 685 2830 cum
710 2756 864 2829 Ecclesia
888 2759 923 2827 in
949 2757 1180 2830 celebratione
1205 2771 1402 2831 contractus
1418 2761 1474 2833 de·

198 2865 406 2934 trimentum
431 2886 531 2956 passa
555 2863 672 2935 luerit.
690 2863 797 2934 Porro
813 2862 942 2955 ubique
959 2863 993 2933 in
1019 2865 1093 2936 eius
1117 2864 1473 2939 Constitutioniseor·

198 2992 282 3063 pore
305 2969 481 3062 conceptis
505 2969 621 3040 verbis
645 2991 684 3041 ea
709 2967 890 3061 dispositio
923 2966 965 3037 iis
997 2968 1135 3039 casibus
1159 2973 1473 3056 accommodatur,

197 3078 325 3172 quibus
349 3076 597 3168 praeiudicium
629 3078 806 3151 Ecclesiae
829 3076 1009 3148 obvenerit
1017 3099 1029 3163 3
1054 3077 1147 3148 omni
1174 3080 1265 3149 enim
1291 3079 1379 3160 loco,
1400 3090 1471 3147 tam

198 3181 414 3274 frequentius
446 3192 485 3251 ut
517 3181 602 3252 nihil
627 3205 750 3274 supra,
776 3182 947 3276 repetitur
971 3183 1008 3252 in
1035 3181 1358 3279 praeiudiciolibos,
1381 3184 1473 3254 circo

196 3282 476 3380 praeiudiciolio,
504 3296 541 3355 et
564 3284 701 3356 similia.

269 3388 356 3459 llinc
381 3388 510 3461 lactum
536 3401 610 3473 est,
637 3401 676 3459 ut
699 3389 735 3461 S.
761 3391 849 3464 Rota
874 3392 1028 3463 Romana
1054 3417 1097 3464 ex
1122 3416 1163 3465 co
1188 3395 1261 3486 ipso
1294 3406 1469 3486 tempore,

198 3515 268 3584 quo
300 3492 477 3584 pontificia
502 3517 540 3564 ea
565 3495 697 3566 sanctio
728 3495 880 3587 prodivit
905 3498 946 3568 ad
971 3498 1055 3568 haec
1081 3521 1190 3591 usque
1215 3513 1370 3592 tempora
1395 3523 1472 3572 eam

198 3609 415 3670 constantem
433 3621 472 3668 ao
489 3612 692 3692 perpetuam
716 3601 932 3694 disciplinam
957 3606 1126 3696 reciperet
1142 3629 1181 3676 ac
1198 3605 1353 3687 doceret,
1379 3608 1471 3698 quod

199 3724 323 3794 nempe
349 3700 423 3773 eius
447 3701 713 3774 Constitutionis
737 3705 957 3798 applicationi
982 3707 1077 3778 locus
1105 3709 1276 3788 noallac,
1304 3711 1370 3778 nisi
1397 3725 1470 3779 tum

198 3827 277 3876 cum
309 3807 462 3878 Ecclesia
495 3821 651 3901 tempore
683 3809 760 3879 initi
793 3823 990 3882 contractus
1022 3812 1150 3883 laesam
1175 3838 1211 3886 se
1236 3838 1275 3885 ac
1300 3815 1471 3906 praeiudi-

197 3923 312 3982 catam
336 3910 442 3983 fuisse
467 3914 682 4006 comprobet.
703 3913 754 3984 lta
771 3915 933 3985 nimirum
950 3919 1084 3987 eruitur
1101 3941 1144 3988 ex
1162 3918 1273 3988 Deoia.
1293 3923 1336 3987 18
1356 3920 1385 4008 §.
1406 3918 1467 3986 ult.

197 4015 296 4086 Part.
322 4019 362 4088 13
380 4017 460 4088 lico.
480 4017 592 4088 necta.
615 4023 702 4089 1166
721 4042 754 4089 a.
777 4025 845 4090 iet
864 4026 883 4092 6
904 4045 1016 4092 coram
1034 4024 1193 4104 Emotis,
1214 4026 1251 4094 in
1273 4023 1471 4095 Melevitono

197 4119 342 4190 lmmiss.
367 4126 402 4190 11
424 4121 500 4192 lora
522 4127 604 4196 1781
623 4123 654 4213 §.
671 4125 685 4191 1
704 4146 817 4195 coram
834 4125 1007 4220 Flcrtpini,
1021 4129 1057 4196 irt
1075 4126 1332 4218 Coofirmotorio
1346 4133 1365 4197 6
1380 4128 1472 4198 lateii

201 4227 289 4296 1783
315 4225 346 4317 §.
376 4231 395 4296 5
419 4250 532 4298 coram
557 4228 671 4299 eodem
697 4229 759 4324 (l).
787 4231 875 4302 lluic
898 4233 1076 4304 doctrinae
1108 4235 1361 4327 adstipulantur
1385 4235 1472 4304 aliae

255 4375 292 4438 (1)
311 4371 386 4426 lavat
403 4372 448 4428 hic
465 4373 628 4444 lpsisrerbis
641 4374 722 4430 buius
739 4375 810 4432 deci·
863 4393 960 4432 »eorm
982 4381 1077 4434 veteris
1102 4381 1167 4434 iuris
1191 4383 1304 4435 mutatio
1327 4396 1373 4450 per
1397 4380 1472 4434 illam

196 4455 283 4509 sionis
293 4455 480 4511 auctoritatem
494 4457 642 4513 exscribere
651 4458 729 4514 ibi-e
739 4463 811 4514 llaec
863 4485 876 4510 ι
888 4464 1107 4519 constitutionem
1121 4465 1241 4528 (Urbani
1253 4467 1336 4526 vlll.)
1350 4465 1419 4519 facta
1433 4471 1477 4518 est
