3282 5008
190 439 257 510 tos
522 455 733 506 sernrrsusrs
750 455 789 502 er
810 453 1127 504 nsnrnraenanonrs.

185 566 251 637 sim
275 575 504 659 perpetuam,
529 560 646 634 addita
671 559 889 641 conditione,
907 569 949 630 ut
964 559 1007 630 ab
1024 559 1109 650 ipsis
1131 580 1233 629 onera
1256 557 1370 628 omnia
1388 559 1462 630 sire

183 673 335 766 cogitata
352 671 425 742 sivo
443 693 510 740 non
528 669 702 760 cogitata,
719 688 759 736 ae
775 666 954 739 mentione
970 665 1070 758 digua
1097 664 1347 758 persolverent.
1371 663 1459 742 Cum

183 776 336 870 primum
362 775 479 867 itaque
502 772 627 844 Dativa
651 769 753 843 realis
773 770 910 842 invecta
928 782 998 853 est,
1015 770 1170 862 itemque
1185 767 1249 839 alia
1266 791 1370 840 onera
1385 771 1460 841 sive

183 905 202 951 a
221 879 421 962 Provincia,
440 878 514 949 sive
531 900 550 947 a
567 874 754 968 Municipio
779 873 999 967 superaddita
1024 873 1166 946 fuerunt
1188 873 1284 944 iuxta
1300 897 1354 957 ca,
1370 897 1462 967 quae

183 985 285 1056 modo
309 983 497 1076 praemissa
521 992 621 1064 sunt,
647 979 785 1050 Fratres
810 978 966 1051 Meuzoni
991 1001 1010 1048 a
1036 978 1185 1049 Domino
1207 978 1340 1052 directo
1363 994 1459 1050 ratae

182 1087 354 1160 commodi
370 1086 603 1159 retentionem
619 1081 849 1178 postularunt.
870 1083 921 1154 Re
940 1081 974 1150 in
992 1082 1156 1153 iudicium
1173 1083 1320 1154 deducta
1336 1085 1370 1154 S.
1389 1085 1463 1155 Ro-

182 1207 239 1266 tae
266 1192 431 1264 Tribunal
457 1191 492 1261 in
519 1189 721 1262 Maceroten.
735 1211 836 1282 super
859 1187 1010 1282 Earphit.
1035 1191 1453 1282 sup.a·ot.com.281on.

183 1301 304 1379 1842,
346 1295 602 1390 pronunciavit,
617 1293 732 1366 locum
756 1315 831 1365 esse
856 1291 1041 1365 retentioni
1068 1305 1164 1363 ratae
1195 1294 1386 1376 commodi,
1420 1299 1457 1364 in

182 1427 291 1495 eaque
315 1403 513 1496 liquidanda
537 1400 783 1493 comprehendi
812 1399 928 1470 deberi
958 1399 1072 1469 omnia
1105 1420 1210 1469 onera
1241 1400 1359 1482 realia,
1388 1425 1459 1473 non

181 1508 396 1600 personalia-z
427 1509 581 1580 iamvero
613 1509 707 1579 inter
739 1504 937 1576 huiusmodi
970 1526 1073 1576 onera
1107 1505 1231 1587 realia,
1256 1505 1397 1599 pianum
1422 1511 1458 1578 in

182 1617 276 1686 sacto
301 1627 375 1688 erat
399 1615 573 1688 accenseri
598 1613 763 1706 vectigal,
789 1612 880 1704 quod
911 1633 930 1681 a
960 1611 1147 1704 Municipio
1182 1611 1294 1684 fuerat
1319 1613 1464 1706 imposi*

182 1735 281 1804 tum,
307 1742 416 1814 aeque
440 1745 480 1793 ae
504 1721 570 1792 alia
595 1745 614 1790 a
634 1719 830 1814 provinciae
854 1717 1014 1790 Praeside
1039 1718 1219 1810 imperata.
1245 1719 1377 1808 Quater
1404 1723 1456 1792 vei

180 1826 364 1920 quinquies
388 1827 510 1899 eodem
535 1847 673 1917 semper
696 1825 792 1896 exitu
817 1845 919 1894 causa
945 1821 1110 1894 ventilata
1136 1824 1203 1894 fuit
1227 1826 1262 1895 iu
1286 1827 1322 1896 S.
1347 1826 1462 1896 Rotae

181 1931 382 2002 auditorio:
409 1955 521 2024 neque
545 1931 651 2016 satis3
683 1929 822 2000 domino
854 1928 985 2001 directo
1017 1931 1188 2012 instante,
1222 1932 1398 2002 restitutio
1423 1934 1456 2003 in

181 2039 356 2128 integrum
380 2051 498 2110 contra
523 2037 719 2109 Menzonios
742 2036 885 2108 obtenta
910 2034 987 2106 iuit.
1013 2036 1080 2107 Sed
1103 2036 1252 2122 frustra3
1276 2061 1355 2110 uam
1382 2061 1462 2110 scn-

182 2144 292 2214 tentia
316 2142 450 2214 Rotalis
481 2143 786 2224 continuatam,
813 2143 966 2233 adeoque
998 2143 1108 2232 magis
1138 2143 1316 2236 magisque
1347 2144 1456 2214 fixum

181 2262 365 2344 ratumque
391 2252 538 2334 mansit,
557 2264 667 2320 ratam
684 2250 855 2322 commodi
881 2248 1126 2320 detrahendam
1143 2271 1219 2321 esse
1236 2249 1280 2319 ab
1295 2250 1459 2321 omuibus

180 2355 342 2426 oneribus
375 2356 525 2428 realibus
558 2357 795 2448 cuiuscunque
828 2355 965 2447 generis
989 2377 1028 2426 ea
1053 2355 1147 2437 sint,
1173 2356 1361 2429 dummodo
1390 2380 1458 2428 non

181 2461 386 2552 personalia.

248 2565 332 2638 Post
355 2569 440 2640 hacc
457 2567 499 2638 ad
515 2567 663 2638 alterum
688 2565 898 2640 detensionis
923 2579 1029 2659 caput
1053 2565 1358 2638 demonstrandum
1381 2592 1460 2662 pro·

180 2670 424 2762 gradiebantur
455 2673 725 2766 Emphyteutae.
744 2671 915 2766 Repetitis
939 2673 1056 2764 itaque
1082 2672 1238 2754 iuribus,
1266 2675 1461 2767 exquibus

180 2777 348 2868 originem
371 2779 472 2849 duxit
496 2778 744 2872 Emphyteusis
768 2778 802 2848 in
828 2778 1097 2871 iurisprudentia
1121 2802 1300 2860 caesarea,
1327 2793 1462 2853 statue-

180 2881 285 2964 bant,
312 2883 388 2954 eius
411 2899 570 2955 naturam
595 2881 700 2956 talem
724 2905 821 2965 esse,
848 2895 888 2954 ut
911 2883 1007 2953 fundi
1033 2883 1169 2955 steriles
1193 2896 1229 2956 et
1254 2885 1374 2958 inculti
1401 2884 1462 2955 ali·

180 2987 237 3055 cui
254 3009 317 3078 pro
335 2989 468 3060 modica
494 2988 657 3081 pensione
675 2989 863 3080 insignum
887 2989 1131 3080 recognitionis
1150 2989 1292 3060 dominii
1310 2990 1463 3084 implan-

179 3091 288 3174 tandi,
301 3093 449 3176 colendi,
464 3094 519 3165 vel
536 3095 571 3163 in
589 3093 713 3166 meiius
728 3093 917 3164 adducendi
936 3093 1128 3164 tradantur.
1148 3093 1303 3167 iamvero
1319 3097 1463 3188 quoties

179 3197 375 3269 huiusmodi
401 3199 576 3292 pensionis
607 3199 789 3270 modicitas
816 3198 935 3280 abest,
962 3211 998 3270 et
1023 3223 1042 3270 e
1066 3212 1185 3270 contra
1210 3202 1346 3291 quoties
1370 3225 1461 3295 pen·

179 3303 231 3374 sio
254 3303 416 3375 solvenda
444 3304 660 3376 naturalibus
693 3305 789 3375 fundi
816 3303 987 3376 fructibus
1019 3305 1230 3396 respondet,
1262 3318 1338 3377 tum
1372 3309 1457 3377 suh-

181 3407 309 3478 stantia
333 3410 572 3500 emphyteusis
598 3409 736 3492 exulat,
763 3433 802 3482 ae
825 3411 943 3502 potius
967 3409 1093 3481 locatio
1118 3411 1302 3483 conductio
1327 3414 1462 3482 consti-

180 3512 306 3582 tuitur:
326 3525 361 3584 et
379 3535 500 3606 reapse
523 3515 720 3585 huiusmodi
752 3515 992 3587 concessiones
1024 3516 1304 3608 emphyteuticae
1330 3541 1460 3589 nomen

178 3616 416 3709 praeseferunt
433 3617 684 3711 emphyteusis
698 3619 759 3691 sed
775 3619 878 3690 locati
895 3621 1058 3690 conducti
1076 3643 1149 3691 rem
1166 3644 1205 3691 ac
1222 3621 1459 3692 substantiam

179 3733 316 3811 gerunt.
341 3719 437 3805 Quae
470 3723 610 3814 quidem
643 3723 800 3793 doctrina
830 3737 948 3795 tantae
982 3725 1173 3797 evidentiae
1198 3740 1272 3807 est,
1299 3738 1338 3796 ut
1362 3750 1458 3797 com-

179 3825 361 3895 munitera
376 3824 635 3908 T1·ihunalibus,
654 3840 689 3897 et
706 3826 931 3910 Doctoribus,
947 3841 1168 3900 conctractus
1184 3830 1286 3900 huius
1299 3831 1460 3921 generis,

179 3932 316 4023 quaudo
348 3953 458 4003 canon
495 3933 630 4002 fructus
662 3945 855 4026 exaequat,
889 3957 957 4006 non
992 3935 1084 4006 inter
1119 3937 1364 4028 emphyteuses
1396 3937 1461 4007 sed

182 4035 480 4110 interlocutiones
504 4037 819 4130 conductionosquc
844 4053 1092 4110 accenseantur
1111 4039 1173 4134 (1).

231 4235 266 4302 (1)
284 4235 382 4290 comm
397 4240 467 4290 hane
485 4235 652 4304 doctrinam,
670 4253 740 4308 quae
758 4236 792 4291 ad
845 4241 962 4292 Dirces
979 4255 1006 4290 a.
1017 4243 1060 4292 De
1073 4240 1207 4311 Emphpt.
1219 4268 1228 4280 ·
1240 4240 1298 4296 ibi·
1311 4241 1460 4310 «Quamvis

179 4333 277 4374 erosae
294 4323 520 4389 opportunitatem
539 4321 739 4390 adducebatur,
754 4339 792 4377 rc·
846 4323 914 4378 subi
940 4339 1026 4379 canon
1057 4342 1172 4396 nraguus
1196 4337 1223 4383 et
1246 4326 1462 4398 correspondens

179 4403 290 4459 colenda
299 4421 329 4458 ae
337 4405 493 4476 praeocuiis
502 4405 622 4461 habendo
632 4418 793 4479 estsequens
846 4431 859 4456 υ
869 4409 1003 4464 fructibus
1011 4411 1097 4466 soleat
1107 4428 1165 4468 esse
1176 4429 1304 4475 magnum
1315 4428 1461 4482 argumen-

177 4487 305 4544 limitatio
323 4488 488 4544 celeberrimi
512 4488 591 4545 Cord.
613 4494 653 4546 Dc
671 4493 746 4548 Loca
765 4495 792 4548 in
846 4501 940 4564 etum,
951 4497 1022 4566 quod
1035 4499 1072 4551 sit
1085 4497 1296 4566 potiusloeatio,
1307 4513 1388 4568 qoam
1403 4512 1463 4552 em-
