3248 5004
504 451 542 498 os
559 449 662 496 nissae
679 447 804 494 tressa.
822 447 861 494 er
880 445 1038 491 trrtrcsr.
1367 421 1403 489 tt

136 587 153 623 e
174 572 210 630 et
228 557 262 628 iu
288 558 364 628 eius
379 577 484 648 opere
500 553 550 626 Ile
565 550 730 645 sacrificio
746 548 866 621 Missae
885 547 944 618 lib.
963 549 984 620 3
1001 570 1074 643 cup.
1094 551 1128 630 5,
1147 560 1179 618 et
1197 549 1231 619 t.
1249 548 1408 646 ipsorum

136 691 153 727 s
176 685 258 736 rere
281 661 493 733 conscientia
510 670 675 730 oneratur
691 656 829 736 stricte,
849 676 913 726 nee
928 655 1110 747 permissio
1125 655 1335 726 concedatur
1350 678 1409 748 ge·

135 797 153 836 n
175 769 359 850 ncraliter,
376 768 474 861 quasi
492 765 709 858 privilegium
734 761 836 833 alicui
854 761 1030 838 Sacerdoti
1040 783 1052 844 3
1068 761 1129 832 sed
1146 760 1191 831 ob
1215 760 1408 854 peculiares

136 899 293 958 sessus,
313 889 349 945 ct
373 872 589 944 necessitatis
620 893 722 941 causa
746 868 790 940 ab
814 867 890 960 ipso
914 868 1127 947 examinata,
1145 867 1205 959 qui
1229 881 1406 960 praetcrea

137 1008 154 1046 s
177 994 317 1052 moueat
331 977 502 1050 Parochos
526 976 654 1068 quibus
670 974 870 1046 facultatem
887 974 1034 1054 iterum,
1055 973 1175 1044 cadem
1193 972 1271 1056 die,
1288 996 1409 1046 secun·

136 1087 257 1158 edam
281 1085 419 1156 Missam
442 1081 637 1155 celebrandi
663 1081 893 1161 concesserit,
919 1102 963 1151 nc
987 1079 1241 1171 eleemosynam
1268 1081 1320 1152 vel
1345 1083 1407 1152 sti·

136 1220 154 1260 s
176 1192 343 1286 pendium
361 1189 518 1282 equoris
542 1201 579 1259 et
598 1188 664 1258 eub
684 1203 903 1280 quocumque
927 1196 1111 1278 praetextu
1137 1207 1199 1277 pro
1231 1208 1272 1257 ea
1296 1190 1407 1281 perci·

137 1327 154 1365 s
178 1300 296 1393 piant,
321 1299 418 1368 iuxta
441 1296 580 1367 decreta
604 1294 688 1366 alias
711 1294 803 1367 edita
827 1317 846 1364 a
871 1293 907 1365 S.
925 1293 1219 1386 Congregatione,
1246 1297 1305 1369 sed
1329 1319 1407 1369 eam

137 1427 241 1498 spro
265 1403 392 1497 populo
415 1402 482 1472 sibi
506 1402 692 1473 commisso
715 1400 822 1492 gratis
847 1399 1068 1493 applicent.»

210 1509 449 1582 Resolutiones
474 1530 569 1589 vcro,
595 1507 741 1600 quaein
775 1504 993 1577 Cemmucen.
1024 1507 1256 1600 reperiuntur,
1282 1509 1409 1601 quibus

134 1613 175 1684 S.
193 1613 233 1686 C.
251 1613 292 1686 C.
310 1614 446 1684 censuit
469 1614 512 1684 ad
534 1612 722 1684 secundum
748 1612 965 1704 propositum
990 1613 1149 1704 superius
1166 1613 1312 1684 dubium
1337 1636 1409 1685 res·

136 1718 310 1810 pondere,
328 1730 412 1788 suut
427 1731 625 1811 sequentes.
640 1717 729 1789 Cum
745 1717 780 1786 in
798 1715 1016 1789 Cemcrnecn.
1031 1731 1267 1809 quaereretur.
1284 1720 1310 1788 l.
1324 1745 1339 1786 c
1354 1722 1406 1789 An

141 1851 157 1890 s
178 1825 351 1896 Parochus
375 1817 435 1917 qul
460 1826 546 1896 duas
569 1824 751 1896 Parochiae
766 1823 869 1914 regit,
888 1835 924 1894 et
940 1824 1017 1897 ideo
1033 1824 1086 1895 bis
1103 1825 1136 1893 in
1155 1825 1211 1896 die
1236 1824 1405 1904 celebrat,

140 1957 157 1994 s
179 1929 316 2021 utrique
332 1928 519 2002 Parochiae
545 1952 644 2000 suam
671 1930 811 1999 missam
840 1928 1013 2022 applicare
1040 1943 1215 2014 teneatur,
1243 1954 1311 2002 non
1338 1931 1408 2002 ob-

140 2061 157 2100 s
178 2048 293 2106 stante
317 2035 493 2108 redituum
518 2036 753 2128 exiguitate.»

209 2141 250 2210 ll.
279 2142 365 2213 «An
390 2141 584 2224 Primanus,
610 2143 669 2235 qui
694 2143 728 2211 in
754 2163 822 2212 una
847 2142 1037 2234 eademque
1060 2141 1246 2226 Parochis,
1273 2143 1327 2213 bis
1351 2165 1408 2215 ca·

141 2246 256 2317 edem
284 2246 341 2318 die
371 2246 546 2331 celebrat,
574 2258 757 2340 utramque
781 2245 920 2318 Missam
949 2246 1075 2340 populo
1106 2248 1171 2318 sihi
1196 2249 1405 2332 commisso,

139 2377 155 2417 s
177 2353 285 2442 gratis
309 2352 481 2446 applicare
504 2355 646 2426 omnino
671 2366 876 2426 tencatur.»

209 2457 267 2529 111.
296 2461 348 2528 An
372 2458 496 2531 Vicarii
515 2472 575 2531 aut
591 2461 650 2532 alii
667 2459 870 2533 Sacerdotes
893 2483 1012 2532 euram
1037 2461 1230 2531 animarum
1255 2483 1325 2531 non
1349 2461 1407 2532 ha·

138 2593 156 2629 ι
177 2563 323 2648 bentes,
341 2565 369 2634 si
386 2564 523 2657 quando
539 2565 592 2636 bis
609 2567 645 2636 in
662 2566 716 2637 die
733 2565 911 2638 celebrant
932 2578 972 2636 ut
987 2565 1025 2635 dt
1042 2567 1267 2658 quandoque,
1286 2590 1347 2639 seu
1368 2580 1409 2638 ut

138 2701 157 2737 ι
179 2691 323 2743 numero
351 2671 533 2742 sufficienti
558 2671 681 2756 Missae
705 2673 738 2740 in
765 2671 920 2744 Ecclesia
951 2671 1142 2744 Parochiali
1168 2672 1407 2755 celebrentur,

138 2803 156 2843 s
179 2799 241 2847 seu
257 2789 299 2848 ut
315 2776 524 2871 Hospitalis,
543 2777 725 2859 Carceres,
744 2777 1058 2849 sanctimonialium
1074 2779 1293 2861 Conventus,
1307 2778 1409 2849 Missa

138 2909 158 2950 s
180 2904 247 2953 non
272 2897 431 2966 careant,
456 2885 642 2956 secundam
659 2897 695 2957 et
711 2885 775 2977 ipsi
793 2884 932 2956 Missam
948 2907 1011 2978 pro
1023 2884 1154 2978 Populo
1170 2885 1278 2976 gratis
1301 2883 1411 2977 appli-

138 3015 158 3053 ι
179 3010 259 3060 carc
284 3001 501 3061 teneantur.»

213 3120 230 3161 ι
251 3094 297 3165 Et
321 3108 490 3187 quatenus
514 3095 717 3168 affirmative
742 3097 783 3167 ad
802 3095 828 3177 Ι,
848 3097 891 3178 ΙΙ,
910 3110 946 3170 et
963 3097 1043 3167 ill.»

211 3199 268 3270 lV.
289 3227 306 3266 ι
326 3203 379 3271 Aa
396 3212 433 3272 ct
449 3202 620 3292 quomodo
643 3202 900 3274 concedendum
925 3203 971 3273 sit
994 3201 1179 3284 Parochis,
1205 3202 1263 3294 qui
1289 3200 1410 3272 diebus

139 3332 159 3373 s
179 3306 362 3378 dominicis
385 3305 529 3400 aliisque
554 3309 653 3380 iestis
677 3309 729 3378 bis
745 3308 933 3391 celebrant,
951 3320 991 3378 ut
1007 3309 1109 3378 unius
1126 3308 1248 3380 Missae
1266 3307 1410 3378 liberam

139 3438 158 3479 s
179 3411 330 3484 habeant
354 3414 646 3506 applicationem,
673 3429 707 3487 ct
732 3415 941 3507 stipendium
960 3437 1021 3507 pro
1041 3437 1080 3486 ea
1097 3414 1250 3507 recipere
1276 3412 1409 3484 valeant

141 3547 160 3583 ι
182 3539 217 3587 rn
242 3541 368 3590 casus

213 3623 254 3695 V.
270 3653 287 3688 ι
302 3627 354 3694 dn
371 3637 407 3696 et
423 3626 596 3717 quomodo
608 3623 865 3698 concedendum
882 3626 928 3696 sit
944 3624 1188 3697 Sacerdotibus
1204 3645 1321 3695 curam
1338 3622 1411 3693 aui·

140 3756 160 3797 s
183 3753 316 3800 marum
341 3751 409 3800 non
435 3730 643 3802 habentibus
687 3729 798 3823 quoad
824 3744 1005 3824 utramque
1030 3730 1168 3802 Missam
1194 3731 1229 3800 in
1254 3752 1375 3802 casu.»

212 3835 315 3906 Sacra
337 3833 565 3928 congregatio
581 3835 724 3909 Concilii
742 3837 797 3909 die
815 3837 990 3930 praedicta
1014 3837 1211 3930 respondit:
1235 3835 1287 3906 nd
1305 3835 1331 3904 l.
1351 3835 1410 3926 Af·

135 3941 320 4031 tinentiae.
338 3941 391 4012 nd
411 3942 453 4012 ΙΙ.
475 3941 634 4037 Nepetioe
656 3943 757 4036 firme
779 3944 1000 4038 prohibitione
1025 3942 1209 4037 recipiendi
1233 3940 1411 4034 elcemosy-

138 4067 223 4114 num
232 4069 295 4141 pro
306 4047 450 4119 secunde
467 4048 579 4120 Misso.
596 4049 648 4120 hd
661 4050 719 4120 ΙΙΙ.
733 4047 895 4142 Nepesino
905 4062 1068 4143 qnatenus
1084 4071 1199 4119 eurem
1217 4047 1408 4118 enimernm

138 4173 210 4219 non
233 4149 398 4233 habeant,
420 4153 521 4246 firme
543 4177 674 4250 semper
701 4154 925 4249 prohibitione
956 4154 1142 4249 reeipiendi
1169 4151 1410 4246 eleemosynam

136 4277 203 4349 pro
227 4257 371 4327 seeundo
398 4258 511 4330 Missa.
537 4260 589 4330 Ad
617 4259 672 4330 lV.
698 4259 882 4354 Nepetive,
905 4272 937 4328 ct
961 4258 1141 4354 Episcopus
1169 4256 1343 4354 provident
1366 4255 1411 4330 ud

139 4363 287 4456 [or-mum
304 4363 556 4438 constitutionis
572 4366 747 4438 Benedicti
765 4365 855 4438 XIV.
872 4365 981 4438 «Com
1000 4390 1137 4463 semper
1152 4367 1285 4438 oblatas
1302 4365 1333 4457 §-
1351 4369 1409 4436 8.»

142 4469 196 4540 dl
224 4469 262 4542 V.
276 4475 447 4567 prouisum
471 4475 508 4545 in
533 4475 643 4546 tertio.
