3248 5004
417 464 553 514 lfflllllll!
571 461 700 510 ouant.
714 461 741 508 8.
756 459 866 507 tntttc.
885 457 980 506 suren
998 457 1147 506 bellffl·
1367 437 1411 507 37

145 572 301 644 liciarum
326 569 542 644 sanctionum
565 566 821 641 observantiam
845 574 1108 658 promoverent,
1136 585 1273 658 unaque
1297 561 1419 658 invigi-

145 678 257 752 larent
281 700 325 748 ne
350 676 548 749 exoriantur
570 673 720 756 abusus,
746 683 782 744 et
806 670 919 744 exorti
943 669 1063 740 statim
1088 667 1318 763 extirpentur.

536 857 785 923 'mmptntto
804 856 1020 921 synopseos.

214 990 393 1065 Generalis
416 989 620 1062 Administri
643 989 764 1062 literae
788 1011 867 1060 cum
892 988 928 1057 in
953 986 1106 1081 plenario
1129 985 1302 1058 auditorio
1318 985 1354 1058 S.
1373 983 1417 1058 C.

146 1097 213 1191 Ep.
233 1109 269 1172 et
286 1097 372 1190 lleg.
390 1096 588 1169 relerendoe
612 1107 748 1179 essent,
767 1117 840 1167 are
865 1094 1016 1168 alienum
1041 1116 1109 1166 non
1140 1115 1216 1164 esse
1240 1093 1419 1165 existima-

147 1215 222 1273 tum
247 1216 321 1286 est,
339 1202 368 1273 si
384 1224 487 1295 super
509 1202 576 1274 boc
600 1200 824 1273 Franciscalis
849 1199 1002 1293 Regulos
1025 1198 1161 1293 capite,
1186 1197 1279 1292 quod
1303 1211 1357 1270 est
1372 1200 1418 1270 do

143 1307 408 1390 calceamentis,
434 1305 550 1401 aliqua
573 1330 637 1401 pro
660 1327 756 1379 more
784 1317 1052 1399 exponerentur.
1086 1303 1285 1376 Patriarcba
1316 1301 1417 1375 Sera·

146 1414 268 1506 pbieus
293 1413 327 1483 in
352 1434 433 1485 suae
455 1411 611 1504 Regulos
639 1409 722 1508 Ccp.
747 1413 769 1480 2
792 1411 884 1482 circo
906 1411 1005 1506 ficem
1035 1410 1084 1480 ita
1108 1410 1232 1482 statuit
1255 1447 1278 1462 -
1301 1423 1334 1480 et
1357 1408 1419 1502 poi

144 1516 338 1588 necessitate
360 1528 542 1609 coquntur,
571 1517 700 1612 possim
726 1529 864 1612 portare
892 1514 1116 1587 calceamento
1132 1553 1152 1568 ·
1174 1514 1210 1587 S.
1236 1514 1282 1586 ll.
1309 1514 1420 1586 Urba·

145 1644 212 1692 nus
227 1620 315 1691 lllll.
329 1621 362 1690 in
374 1619 495 1691 Const.
515 1618 769 1692 Socrosomtum
786 1624 800 1690 l
816 1617 941 1691 Octob.
959 1622 1047 1692 ¹623
1067 1618 1159 1690 Bell.
1178 1619 1264 1716 llop.
1278 1634 1357 1693 tom.
1377 1621 1416 1694 V.

141 1747 221 1820 pap.
241 1726 308 1796 362
325 1721 529 1807 declaravit,
548 1723 640 1817 quod
656 1722 793 1795 Fratres
808 1723 906 1796 iuxta
922 1746 1062 1796 suorum
1080 1725 1304 1798 [lecessorum
1322 1749 1420 1819 pme·

143 1829 367 1923 scriptionem
383 1825 596 1924 -colepodiis
611 1851 670 1899 seu
685 1826 834 1899 sorrduiis
852 1829 978 1925 opertis
1000 1829 1176 1900 dumtaxat
1199 1829 1354 1902 incedere
1369 1845 1419 1901 te·

143 1949 311 2016 necatur,
333 1957 438 2030 oeque
462 1932 530 2005 olio
553 1935 757 2030 operimento
776 1933 900 2028 pedum
922 1957 1055 2031 panoeo
1070 1958 1129 2006 serr
1144 1934 1284 2006 olterics
1306 1937 1420 2008 coires·

142 2061 286 2134 cumque
316 2037 479 2108 materiae
510 2039 651 2119 existat,
674 2037 795 2133 obspae
826 2061 982 2134 expresso
1013 2038 1150 2110 licentio
1172 2040 1224 2109 ati
1243 2039 1415 2134 possint.-

144 2143 199 2214 Ao
225 2143 372 2216 similem
396 2143 665 2215 declarationem
681 2145 710 2215 si
728 2166 796 2216 ooo
821 2143 906 2237 ipsis
930 2144 1056 2228 verbis,
1079 2158 1115 2216 at
1137 2145 1234 2216 iuxta
1259 2145 1416 2218 camdem

143 2251 353 2322 sententiam
377 2248 486 2321 edidit
510 2249 703 2320 lnnoc.lll.
723 2251 897 2322 inconst.
926 2249 1121 2324 Sollicitudo
1147 2255 1191 2321 20
1215 2250 1300 2322 Noa.
1323 2249 1414 2322 Ball.

144 2352 234 2448 llap.
257 2355 348 2425 Tora.
367 2357 482 2449 8pop.
508 2358 583 2424 119.
602 2355 687 2427 Post
711 2358 794 2429 baec
818 2357 1030 2428 recitabatur
1053 2357 1177 2440 huius,
1196 2380 1264 2450 quo
1288 2357 1330 2429 de
1346 2359 1419 2449 agi·

143 2479 245 2542 mus,
272 2458 393 2551 capitis
417 2460 588 2552 expositio
609 2459 686 2531 all.
705 2459 945 2532 bonaventum
969 2461 1095 2533 tradita
1120 2463 1156 2530 in
1180 2460 1303 2556 Eepos.
1331 2460 1412 2555 liep.

146 2563 252 2658 Oper.
282 2563 373 2634 Tom.
406 2567 427 2632 7
455 2587 534 2660 pop.
561 2566 641 2636 337.
670 2564 796 2636 Romae
824 2565 924 2661 l'ppis
953 2566 1102 2638 Voticoa.
1134 2570 1235 2638 1696.
1264 2567 1417 2640 Subinde

144 2681 265 2740 textus
288 2678 522 2752 statutorum,
548 2691 636 2762 quae
660 2669 762 2742 hodie
786 2671 820 2740 io
847 2669 976 2742 inutilia
999 2671 1159 2742 Fratrum
1184 2671 1353 2743 llinorum
1374 2673 1417 2744 de

144 2773 373 2846 Obseruantia
391 2774 460 2844 vim
480 2787 515 2845 et
532 2775 684 2868 vigorem
710 2777 889 2859 obtinent,
916 2777 1007 2848 circa
1030 2777 1157 2871 pedum
1182 2779 1417 2870 cooperimen-

144 2893 224 2950 tum
247 2878 484 2954 reierebatur‚
539 2879 619 2975 Cop.
637 2884 657 2950 2
675 2883 706 2974 §.
728 2886 768 2952 10
780 2905 814 2950 o.
838 2886 916 2952 att.
937 2882 987 2952 lbi
1005 2905 1106 2975 porro
1124 2895 1335 2957 memoratae
1354 2884 1417 2955 Ur-

144 2983 228 3054 bani
245 2982 332 3052 lllll.
352 2997 389 3055 et
407 2984 595 3057 innocentii
613 2984 670 3055 ΧΙ.
690 2985 965 3059 constitutiones
989 2988 1202 3080 allegantur,
1221 3002 1257 3060 et
1272 3011 1312 3060 ea
1327 3011 1417 3081 quae

143 3090 192 3158 ab
218 3090 299 3182 ipsis
324 3087 371 3158 ibi
397 3091 561 3184 disposita
584 3103 668 3161 sunt
704 3103 910 3182 repetuntur
941 3107 978 3164 et
1010 3093 1270 3166 confirmantur.
1305 3094 1417 3166 Adde·

143 3193 250 3264 batur
265 3194 407 3287 insuper
429 3195 608 3288 dispositio
627 3193 710 3291 Cap.
734 3194 771 3266 V.
791 3197 990 3270 eorumdem
1015 3207 1244 3281 statutorum,
1262 3219 1351 3292 quae
1367 3200 1416 3270 sio

143 3319 185 3368 se
201 3295 304 3368 babet
320 3298 424 3369 -Pro
447 3298 698 3370 necessitutibus
720 3301 931 3392 inpirrnomm
976 3317 1009 3373 et
1032 3300 1111 3373 aliis
1132 3303 1295 3398 fratribus
1318 3303 1417 3374 iado-

142 3401 262 3480 endis,
281 3425 347 3496 per
377 3403 501 3474 amicos
527 3401 720 3499 spirituales
749 3402 895 3476 Misictri
923 3419 1055 3476 teotrrm
1087 3421 1119 3478 et
1153 3405 1317 3479 Custodes·
1339 3406 1417 3478 soli·

141 3507 249 3575 citam
271 3527 388 3577 curam
411 3522 550 3601 percat,
581 3508 765 3579 aeneadum
788 3507 861 3582 ioco
883 3534 924 3582 oc
946 3524 1118 3606 temporo,
1142 3527 1173 3584 et
1196 3514 1340 3608 stipidos
1364 3537 1417 3585 re·

140 3611 259 3704 pierres
282 3611 384 3682 emti
405 3613 594 3684 necessitati
617 3613 763 3685 viderint
787 3616 991 3712 expedire.-

689 3794 874 3852 nubtum.

220 3929 312 4001 «An
343 3930 440 4002 loeus
479 3930 524 4002 sit
564 3929 667 4002 alicui
704 3933 941 4025 providentiae
972 3959 1077 4030 super
1107 3939 1349 4014 calceamentis
1380 3945 1417 4014 in

138 4058 263 4108 casu.»

217 4138 396 4211 llesocurro
421 4161 515 4210 nourr.
528 4179 575 4192 -
590 4137 695 4210 Sacra
719 4139 946 4234 Congregatio
970 4144 1059 4229 EE,
1078 4158 1114 4218 et
1134 4146 1208 4218 llll.
1227 4149 1283 4220 die
1299 4154 1319 4220 8
1338 4150 1416 4221 lulii

143 4248 238 4314 root
265 4245 456 4318 rescribere
479 4245 615 4317 censuit
639 4244 693 4316 Ad
717 4245 759 4316 P.
782 4245 973 4318 Ministrum
1000 4247 1216 4332 Generolem,
1239 4255 1299 4348 poi
1322 4271 1416 4327 curet

138 4349 274 4418 cerouri
304 4347 468 4444 Repulum
509 4361 541 4420 et
573 4347 831 4420 constitutiones
870 4346 1009 4423 Ordinis
1045 4355 1142 4427 iusto
1176 4357 1417 4431 declarationes

138 4452 362 4526 Scammorum
387 4453 608 4547 Pontificum,
632 4457 821 4526 remoueri
844 4457 903 4553 qui
926 4473 1003 4527 suut
1028 4459 1195 4534 adorsibus.
