3282 5008
465 426 564 478 aurea
583 426 766 474 astruetur.
785 425 887 474 carta.
906 424 942 472 tc
965 423 1146 475 uoutstrtu.
1386 403 1449 470 ttt

178 535 254 607 eius
277 531 514 630 muscupuiuei
537 545 569 603 et
593 532 724 626 capnon
746 535 839 601 iutro
862 528 1044 600 secundum
1068 527 1211 622 pradum
1235 551 1289 600 res
1312 541 1450 622 apator,

183 642 211 710 is
227 663 248 710 a
266 639 419 736 Capitale
443 637 596 718 recedat,
612 651 643 707 et
667 636 802 706 nonnisi
819 659 857 706 re
877 648 1014 729 peracto
1038 633 1249 704 admittatur.
1267 674 1289 687 -
1306 632 1451 704 Canoni-

178 768 243 816 cus
262 744 301 814 B.
324 768 425 838 aegre
450 745 493 815 ab
509 744 585 815 aula
609 742 792 836 capitulari
817 740 958 812 recessit
975 752 1200 834 -protestans
1219 752 1252 809 et
1275 737 1450 809 declarans

180 849 256 942 (ita
281 850 408 942 legitur
431 850 468 919 in
492 849 738 922 deliberatione
762 845 966 940 capitulari)
993 843 1155 938 quod,ai
1185 841 1378 938 fucultatem
1400 844 1422 938 s
1435 882 1450 896 ·

179 956 278 1027 rendi
299 957 473 1052 tuffrupii,
489 977 575 1050 qaae
589 955 654 1026 sibi
668 952 963 1048 intercipiebotur,
978 951 1043 1023 sibi
1058 950 1237 1022 inhaerere
1251 949 1450 1022 deruonstre·

178 1073 253 1140 tur,
267 1083 327 1130 sua
343 1082 438 1130 meru
461 1073 511 1130 cst
534 1059 734 1154 euprepium
752 1055 882 1128 Clerico
898 1057 1036 1152 Acpidio
1063 1057 1145 1150 (suo
1164 1078 1289 1149 nempe
1308 1057 1447 1149 nepoti)

178 1165 362 1262 propitiam
386 1162 572 1259 deserendi.
590 1204 613 1218 -

247 1267 421 1341 Canonico
437 1268 477 1338 B.
496 1269 539 1340 ab
555 1266 632 1341 aula
649 1267 833 1362 capitulari
860 1268 1032 1362 proiecto,
1051 1266 1215 1339 Canonici
1244 1267 1450 1340 deliberave-

179 1385 274 1455 runt,
296 1372 456 1444 eumdem
481 1395 501 1442 a
524 1371 665 1446 serendo
690 1371 852 1465 suffragio
876 1395 937 1466 pto
962 1395 1025 1443 suo
1052 1382 1177 1465 nepote
1203 1395 1279 1443 esse
1304 1373 1450 1444 interdi-

175 1491 294 1560 ctum,
313 1475 467 1569 adeoque
486 1499 542 1560 ea,
560 1499 649 1570 qnae
665 1476 783 1548 habita
801 1478 869 1548 iam
886 1490 1003 1559 erant,
1022 1477 1207 1558 scrutinia,
1227 1488 1347 1570 utpote
1363 1476 1451 1548 vitio

178 1582 350 1653 nullitatis
374 1580 518 1664 iniecta,
536 1581 723 1676 repetenda
740 1605 832 1667 esse;
850 1582 940 1654 unde
960 1580 1090 1652 lactum
1115 1592 1186 1665 est,
1204 1594 1244 1650 ut
1261 1579 1379 1654 eadem
1406 1582 1451 1650 ir-

179 1689 244 1758 rita
268 1687 411 1759 omnino
427 1687 605 1771 cederent,
623 1689 707 1780 quin
733 1687 802 1758 ulla
817 1690 860 1759 de
877 1689 1031 1780 ipsorum
1050 1687 1148 1757 exitu
1168 1688 1292 1758 notitia
1307 1686 1451 1760 babere·

176 1802 247 1862 tar.
270 1789 474 1863 Huiusmodi
489 1791 693 1864 deliberatio
710 1792 884 1865 Canonico
900 1792 940 1862 Β.
963 1791 1154 1885 significata
1173 1791 1255 1878 tuit,
1273 1795 1332 1886 qui
1351 1817 1449 1864 suam

172 1899 463 1992 protestationem
488 1899 645 1983 iteravit,
663 1899 806 1981 addens,
821 1899 909 1995 qttod
924 1900 961 1969 in
977 1899 1070 1969 omni
1092 1921 1189 1982 cusu,
1205 1899 1365 1995 quomodo
1388 1922 1450 1969 suu

174 2027 270 2075 mens
292 2019 366 2076 erut
389 2028 487 2076 urum
506 2004 693 2102 praebendi
712 2021 824 2076 uotum
838 2007 953 2099 [cuore
969 2003 1121 2098 Aepidii,
1137 2005 1186 2075 itu
1207 2005 1341 2076 coimus
1363 2004 1450 2097 foret

171 2122 286 2180 uotum
302 2111 422 2182 ceteris
441 2111 544 2207 plone
559 2109 736 2181 aduersum
753 2109 942 2191 tribuendi,
957 2123 991 2179 ct
1006 2109 1128 2180 exinde
1143 2110 1289 2180 recessit.
1306 2147 1325 2161 -
1342 2108 1450 2201 llepe·

172 2216 243 2286 tito
266 2217 472 2299 certamine,
490 2227 640 2309 quatuor
656 2238 675 2286 e
691 2237 752 2287 sex
772 2215 1054 2307 competitorum,
1070 2213 1252 2284 minimum
1277 2211 1451 2303 suffragio·

174 2341 256 2392 nrm
283 2342 467 2395 numerum
495 2321 704 2393 retulerunt.
736 2323 781 2394 At
810 2320 965 2392 Clericus
992 2321 1177 2414 Aegidius,
1203 2342 1310 2411 nepos
1339 2318 1451 2390 Cano·

177 2426 247 2498 nici
271 2423 331 2510 Β.,
351 2441 502 2521 quatuor
526 2429 691 2522 propitia,
710 2429 776 2499 tria
801 2427 986 2499 adsecutus
1010 2439 1064 2499 est
1082 2428 1225 2497 adversa
1246 2423 1406 2518 suffragia
1431 2449 1450 2497 e

176 2543 330 2622 septem,
348 2533 409 2625 qui
435 2535 643 2617 intererant,
671 2532 866 2618 vocalibus3
884 2530 1039 2606 Clericus
1063 2553 1145 2602 vero
1170 2529 1363 2602 Fridericus
1388 2553 1449 2602 sex

175 2635 342 2728 propitia,
368 2658 478 2707 unum
503 2637 675 2710 infensum
701 2638 846 2709 sortitus
871 2651 936 2710 est.
963 2637 1083 2728 ltaque
1107 2634 1301 2707 Fridericus
1325 2658 1450 2707 vocum

175 2738 406 2814 maioritatem
431 2741 595 2835 adeptus,
613 2744 655 2813 ad
671 2740 905 2835 Capelianiam
922 2755 1103 2813 vacantem
1124 2741 1321 2812 nominatus
1342 2739 1450 2811 luisse

175 2847 211 2912 in
232 2843 341 2938 ipsius
358 2856 479 2917 coetus
494 2858 661 2919 contextu
673 2850 953 2922 remtnciabatur.
972 2846 1082 2918 Biduo
1097 2859 1176 2941 post
1195 2844 1390 2918 Canonicus
1407 2844 1445 2915 B.

174 2953 460 3042 protestationem
478 2953 636 3026 formiter
653 2957 686 3024 in
704 2954 917 3027 Cancellaria
934 2954 1131 3049 Episcopali
1148 2952 1273 3034 edidit,
1299 2975 1367 3044 qua
1393 2975 1449 3022 ca·

177 3054 363 3146 pitularem
385 3057 669 3131 deliberationem
693 3060 841 3131 rescindi
866 3059 1098 3132 contendebat
1122 3057 1166 3129 ob
1190 3055 1330 3151 plures,
1362 3077 1449 3148 quas

177 3163 391 3254 exponebat,
418 3186 557 3247 causas,
583 3187 721 3258 unaque
746 3164 914 3248 instabat,
940 3189 983 3236 ne
1006 3165 1180 3234 Friderico
1204 3162 1370 3232 institutio
1393 3186 1448 3234 cu-

175 3267 300 3337 nonita
323 3268 572 3365 impertiretur,
596 3285 708 3366 utpote
735 3272 794 3365 qui
817 3295 860 3342 ec
883 3288 959 3342 actu
983 3269 1075 3341 nullo
1099 3293 1139 3342 uc
1162 3268 1290 3341 nullius
1312 3271 1449 3368 effectus

170 3367 286 3464 [term
311 3375 515 3443 nominatus.

244 3473 410 3561 Quocirca
428 3476 624 3552 Friderieus
642 3483 762 3553 maiori
784 3505 906 3553 vocum
932 3504 1076 3554 numero
1097 3483 1220 3566 iratus,
1240 3483 1449 3552 nominatio-

174 3581 230 3651 nis
255 3595 452 3674 reportatae
478 3587 543 3657 iuri
569 3587 749 3670 insistenS,
770 3613 850 3660 suas
873 3590 909 3659 S.
930 3587 970 3660 C.
993 3589 1059 3680 Ep.
1081 3602 1116 3660 ot
1142 3588 1225 3681 fleg.
1245 3612 1364 3682 preces
1388 3588 1450 3658 ob-

171 3686 273 3768 tulit,
292 3691 533 3780 expostulans,
552 3705 592 3762 ut
616 3695 651 3762 in
676 3697 931 3787 possessionem
947 3693 1166 3786 capellaniae
1184 3694 1446 3765 immitteretur.

171 3790 278 3862 Sacer
293 3794 402 3878 Ordo,
422 3809 524 3889 prout
541 3798 577 3866 in
595 3820 690 3870 more
715 3801 866 3892 positum
884 3812 955 3882 est,
974 3801 1036 3870 bas
1060 3823 1180 3893 preces
1197 3798 1377 3870 Ordinario
1395 3821 1449 3869 re-

171 3898 287 3981 misit,
305 3899 416 3972 eidem
442 3903 642 3994 iniungens,
669 3921 708 3977 ut
733 3906 872 3989 Partes,
898 3928 1043 3998 quarum
1070 3906 1175 3976 eade
1200 3929 1237 3976 re
1262 3905 1449 3982 intererat,

170 4005 324 4087 audiret,
343 4027 441 4076 suam
466 4013 673 4082 sententiam
699 4012 883 4103 panderet,
901 4036 940 4084 ac
957 4012 1255 4085 constitutionum
1281 4015 1449 4106 capitula·

172 4107 264 4178 rium
289 4112 512 4201 particulam,
530 4137 618 4208 quae
634 4115 676 4186 ad
695 4139 771 4187 eom
796 4120 977 4190 materiam
1002 4120 1206 4204 referretur,
1226 4119 1355 4214 scripto
1372 4145 1450 4214 snp-

173 4209 358 4302 peditaret.
380 4216 469 4289 Huic
493 4219 700 4292 iniunctioni
726 4223 912 4296 obsecutus
937 4238 990 4296 est
1015 4227 1235 4312 (lrdinarius,
1262 4241 1298 4298 at
1318 4227 1450 4320 capitu·

171 4313 261 4388 lares
278 4316 555 4398 Constitutiones
571 4349 646 4398 sese
663 4328 827 4400 exhibere
844 4353 912 4402 non
930 4355 1030 4425 posse
1047 4334 1280 4405 renunciavit:
1300 4356 1449 4428 nantque

163 4421 370 4515 satpitulam
397 4449 455 4499 eas
479 4430 617 4523 quidem
648 4432 869 4516 coniecerat,
896 4436 954 4508 sed
986 4439 1138 4508 nondum
1166 4439 1343 4510 definitiva
1371 4462 1452 4509 san·
