3282 5008
1384 413 1450 484 113

358 539 574 615 tenuent
598 537 944 612 suuentcttoms
970 536 1272 610 renuentem.

239 858 358 934 Cieros
381 859 433 930 oei
456 881 478 928 o
498 857 703 952 proximiori
726 854 887 935 ecetesto,
913 853 965 926 oei
991 855 1032 924 ob
1067 853 1180 949 oliqno
1207 853 1275 924 aiio
1303 851 1373 926 loco
1404 855 1452 926 od

167 966 229 1036 noc
241 981 377 1060 pusato,
390 963 548 1060 procedet
564 985 669 1058 nsque
684 962 729 1033 od
743 962 920 1032 stationem
939 959 1136 1056 Teloyrophi
1151 961 1301 1032 canendo
1316 961 1368 1032 vel
1384 985 1444 1033 re-

165 1071 302 1142 citando
329 1071 526 1142 Canticum:
546 1069 756 1142 Benedictus
769 1068 937 1140 Dominus
961 1068 1054 1140 Deus
1080 1067 1207 1152 lsrael,
1233 1066 1291 1138 tobi
1315 1068 1449 1162 Episoo·

163 1199 229 1270 pros
252 1175 305 1246 ool
331 1174 491 1248 Sacerdos
515 1175 551 1243 in
575 1171 692 1267 aliquo
707 1170 931 1244 ecclesiastico
953 1170 1117 1266 diqnitote
1140 1172 1339 1244 constitutus
1362 1172 1449 1244 inn-

167 1280 260 1348 oobit
285 1280 511 1373 Antiphonem
533 1291 739 1372 sequentem.

239 1386 379 1480 Antion.
405 1384 614 1456 Benedictus
639 1406 677 1453 es
702 1382 848 1454 Domine
881 1383 940 1474 qui
977 1382 1078 1476 ponis
1103 1383 1231 1455 nubem
1265 1405 1447 1458 ascensum

170 1507 288 1574 tuum,
316 1493 375 1585 qui
402 1490 558 1562 ambulas
582 1512 688 1582 super
711 1511 842 1583 pennas
867 1502 1077 1572 ventorum,
1103 1489 1162 1581 qui
1189 1487 1273 1561 ineis
1298 1489 1448 1581 Angelos

166 1615 247 1670 tuos
259 1598 417 1690 spiritus,
432 1610 468 1669 et
481 1595 658 1668 ministros
672 1609 750 1668 tuos
763 1595 877 1688 ignem
891 1608 1064 1668 urentem.
1077 1594 1157 1665 Post
1173 1619 1247 1666 enm
1256 1593 1349 1666 Psoi.
1368 1596 1446 1677 ¹03,

169 1704 316 1776 ttonedio
345 1705 461 1774 anima
485 1725 561 1775 mea
585 1701 755 1785 Domino,
781 1715 818 1770 nt
842 1701 879 1771 in
902 1699 1015 1772 sabato
1039 1701 1084 1771 od
1108 1694 1381 1794 Motntinnmgoc
1398 1723 1447 1772 re·

163 1813 270 1907 oretito
293 1811 486 1904 Antiphone
505 1809 644 1904 incipiet
668 1808 706 1879 in
730 1809 819 1879 itone
842 1807 978 1878 modom
1003 1806 1304 1878 Benedictionem:

236 1916 275 2002 d.
302 1917 524 1989 Adiutorium
550 1928 709 1986 nostrum
734 1915 769 1986 in
794 1913 933 1986 nomine
959 1912 1111 1986 Domini.

239 2023 277 2114 td.
301 2021 368 2109 Qui
395 2022 477 2095 feeit
500 2020 636 2093 saelum
661 2033 699 2094 et
723 2033 864 2094 tetrum.

238 2127 278 2214 xi.
304 2128 474 2202 Dominus
499 2128 692 2198 vobiscum.

240 2235 276 2324 td.
303 2236 453 2308 Etcum
480 2235 604 2328 spiritu
630 2250 705 2306 tuo.

726 2391 888 2468 Oremus.

240 2551 401 2627 Concede
425 2578 488 2626 nos
511 2553 659 2625 tumulos
684 2567 763 2626 tuos
786 2576 1023 2646 quaesumus,
1048 2553 1195 2628 Domino
1220 2555 1333 2636 Deus,
1371 2578 1447 2648 per·

167 2674 275 2752 petua
300 2663 428 2734 mentis
452 2674 487 2736 et
511 2662 663 2753 eorporis
688 2662 836 2732 sanitate
866 2661 1044 2753 gaudere,
1075 2675 1111 2732 et
1142 2663 1289 2755 gloriosa
1319 2661 1447 2733 Bentno

168 2767 296 2838 Mor-iae
309 2790 448 2862 semper
465 2767 612 2860 Virginis
625 2768 886 2850 intercessione,
905 2791 924 2839 n
943 2768 1116 2860 praesenti
1135 2767 1272 2841 liberari
1291 2769 1448 2851 tristitia,

168 2889 207 2947 et
232 2887 372 2945 aeterno
396 2876 527 2967 pertrui
551 2873 697 2945 laetitio.
723 2874 789 2946 Per
812 2874 991 2946 Christum
1016 2876 1203 2948 Dominum
1228 2887 1401 2946 nostrum.

244 2983 280 3074 d.
306 2982 433 3054 Amen.

727 3116 889 3192 Oremus.

243 3292 334 3366 Deus
352 3293 411 3384 qui
433 3294 590 3365 anrbulns
613 3315 718 3386 super
742 3317 874 3387 pennas
899 3309 1104 3379 ventorum,
1124 3303 1159 3369 ot
1177 3295 1259 3368 ineis
1277 3297 1447 3370 mirabilia

168 3397 286 3483 solus3
309 3400 476 3481 concedo,
495 3413 535 3472 nt
555 3422 634 3471 cum
659 3423 722 3492 per
746 3402 816 3471 vim
841 3403 922 3473 lmio
947 3401 1088 3475 metallo
1113 3403 1257 3475 inditum
1281 3405 1450 3476 fulmineo

170 3505 244 3574 ictu
268 3506 413 3578 celerius
437 3507 505 3578 hue
530 3508 705 3590 absentio,
732 3520 768 3580 et
793 3509 874 3581 hine
898 3509 967 3581 alio
991 3511 1187 3604 praesentio
1213 3512 1445 3593 transmittis,

172 3611 220 3680 ito
247 3633 310 3683 nos
334 3611 484 3682 inventis
512 3615 612 3686 novis
635 3613 770 3697 edocti,
796 3626 856 3686 tun
881 3615 991 3706 gratio
1016 3616 1226 3709 opitulante,
1254 3616 1450 3710 promptius

169 3726 209 3786 et
234 3713 369 3789 facilins
393 3717 435 3788 nd
461 3730 496 3789 to
522 3719 638 3792 reniso
663 3719 853 3792 s'slonmus.
880 3722 946 3794 Per
969 3721 1148 3794 Christum
1173 3721 1359 3795 Dominum
1387 3743 1450 3793 no·

169 3831 298 3892 strum.
317 3823 355 3916 td.
374 3823 496 3894 Amen.

243 3921 375 3998 Deinde
397 3943 550 4024 omerqot
574 3929 804 4028 teiooropirum
829 3955 918 4030 oqtro
941 3931 1127 4008 benedicto.

239 4575 325 4635 addid,
344 4573 408 4625 toni.
430 4577 453 4638 I,
466 4577 543 4640 susc.
565 4575 605 4627 ΙΙ.
