3248 5004
177 437 226 502 ilfi
345 457 481 506 attonuit
499 459 627 507 essent.
646 463 674 510 S·
694 463 804 510 iblllssa
823 465 918 513 SUPER
936 467 1052 516 tritten.
1073 467 1103 515 ill
1122 467 1179 515 VllS
1196 465 1285 514 iffi·

253 559 433 635 Resouurro
458 567 797 641 curionum-Secm
821 569 1050 666 Congregatio
1075 573 1149 645 EE.
1174 585 1210 647 et
1233 575 1309 646 nn.
1335 575 1391 648 die
1411 578 1453 647 19

183 666 271 738 lunii
300 671 388 740 1863
412 671 619 763 respondere
643 676 779 746 censuit
803 676 846 747 ad
870 677 897 747 l.
922 677 967 747 ad
990 678 1032 748 P.
1051 677 1240 749 Ministrnm
1264 680 1455 776 perrercletn

178 775 241 869 qui
255 789 421 870 quatenns
441 800 522 847 vera
545 779 613 848 sint
628 781 793 874 exposita,
805 781 964 877 procedat
987 783 1083 854 irrata
1106 784 1270 880 Reperiam
1295 785 1455 858 Ordinis.-

181 893 215 948 et
229 879 339 975 quoad
354 877 579 952 calceamento
602 881 736 964 Dilata,
754 885 801 978 (1)
819 899 851 956 et
867 885 957 958 idem
975 884 1128 960 Minister
1153 889 1330 963 Generalis
1348 894 1456 986 mapis

179 985 332 1078 praecise
355 987 502 1080 referat,
524 987 640 1060 audito
663 1005 737 1061 octo
760 991 953 1086 Definitorii
979 991 1166 1066 Generalis.

253 1091 305 1164 Ad
332 1090 373 1160 ll.
400 1093 601 1186 affirmative
623 1119 666 1166 en
689 1097 885 1169 rationabili
907 1121 1009 1171 causa
1033 1098 1075 1171 de
1097 1097 1236 1171 licentia
1265 1099 1456 1196 Superioris

178 1208 280 1288 prout
297 1196 333 1266 in
350 1195 533 1268 rbeduntm
557 1220 641 1281 asa,
664 1199 755 1273 salvo
778 1202 887 1298 quoad
909 1201 1018 1274 boum
1042 1203 1163 1299 spirita
1187 1201 1401 1278 humilitatis.

693 1447 954 1482 ψ

370 1685 579 1762 ΜΙΝΟΒΗΜ
604 1688 954 1765 OBSERVANTlUM
979 1693 1014 1765 S.
1033 1691 1267 1766 FRANClSCl

550 1795 696 1868 SUPER
721 1795 1080 1872 CALCEAblENTlS.

252 2063 537 2134 compendium
559 2067 666 2126 metr.
689 2055 868 2129 Generalis
894 2056 1105 2128 administer
1128 2056 1267 2130 Ordinis
1288 2057 1458 2129 Minorum

180 2155 450 2232 observantium
475 2162 511 2233 S.
536 2163 721 2247 Francisoi,
749 2164 919 2234 mandatis
943 2164 1130 2237 obsecutus
1154 2186 1174 2235 a
1198 2161 1234 2233 S.
1262 2161 1302 2234 C.
1329 2163 1394 2256 Ep.
1422 2179 1458 2233 et

182 2263 269 2356 Reg.
299 2265 411 2338 eidem
444 2267 534 2340 datis
559 2271 594 2340 in
618 2268 830 2342 resolutione
863 2269 903 2340 od
937 2270 1090 2364 primum
1121 2268 1267 2340 dubium
1298 2270 1331 2337 irr
1356 2291 1459 2339 causa

182 2368 265 2438 Min.
286 2368 364 2441 Obs.
384 2371 420 2445 S.
439 2373 614 2446 francisci
637 2399 737 2471 saper
761 2377 911 2446 itinerat.
939 2377 976 2445 irt
1000 2377 1065 2446 viis
1086 2375 1225 2470 serratis
1249 2373 1319 2444 diei
1345 2378 1384 2444 19
1402 2373 1460 2444 lu·

182 2475 234 2544 nii
250 2478 465 2570 1863,quam
482 2481 585 2552 modo
602 2481 786 2552 retulimus
799 2493 838 2551 ut
850 2481 891 2551 od
907 2481 1079 2553 monitum
1093 2479 1459 2551 Eminentissimorum

181 2579 324 2652 Patrum
349 2585 459 2676 magis
484 2586 673 2678 praecisam
697 2585 900 2658 relationem
926 2609 1032 2680 super
1054 2585 1318 2666 calceamentis,
1342 2585 1460 2654 audito

183 2698 265 2756 roto
300 2685 516 2771 Definitorii,
552 2691 811 2782 suppeditaret,
849 2711 930 2760 suas
954 2703 1072 2783 partes
1096 2711 1172 2762 esse
1204 2688 1306 2760 duxit
1342 2689 1463 2760 literas

178 2791 238 2862 die
257 2795 276 2861 5
295 2791 408 2862 Martii
425 2795 506 2864 anni
528 2797 615 2864 teet
632 2794 736 2866 Sacro
752 2793 905 2865 Consilio
929 2795 1140 2875 rescribere,
1165 2794 1294 2887 quibus
1318 2791 1360 2865 de
1383 2816 1463 2864 serr·

182 2899 293 2968 tentia
318 2898 511 2970 Definitorii
541 2901 671 2992 pluries
701 2900 852 2993 desuper
883 2898 991 2969 auditi
1028 2897 1272 2990 significabat,
1305 2896 1393 2991 qaod
1425 2899 1459 2967 in

181 3002 336 3094 negatae
362 3021 545 3099 praecepto
569 3005 778 3099 deprehendi
805 3017 954 3098 nequeat
979 3003 1166 3096 prohibitio
1198 3001 1366 3095 cuiusque
1390 3021 1464 3070 ma·

182 3109 292 3180 ter-iae
315 3109 358 3180 ad
382 3111 629 3202 cooperiendos
653 3111 759 3204 pedes
783 3109 943 3191 idoneae,
963 3109 1021 3179 ubi
1041 3109 1075 3179 id
1092 3107 1280 3181 necessitas
1304 3127 1372 3176 non
1391 3107 1464 3178 erti-

182 3223 301 3304 geret,
319 3213 408 3307 quod
431 3215 528 3287 iuxta
546 3217 617 3287 vim
634 3218 944 3310 praescriptionum
961 3213 1259 3308 Apostolicorum,
1286 3210 1463 3282 doctrinae

185 3317 459 3410 Expositorum,
486 3345 525 3394 ac
550 3323 745 3399 traditionis
769 3321 811 3394 ad
842 3346 882 3395 ea
912 3343 1022 3414 usque
1054 3331 1212 3412 tempora
1244 3339 1314 3388 non
1345 3329 1463 3409 posset

183 3424 323 3494 admitti
348 3447 432 3497 usus
457 3426 685 3500 sandaliorum
712 3451 752 3499 eo
778 3449 903 3507 sensu,
929 3438 970 3496 ut
993 3423 1103 3495 maior
1126 3423 1222 3516 pedis
1252 3443 1332 3516 pars
1363 3442 1465 3511 supe·

183 3529 259 3599 rius
283 3529 421 3600 detecta
446 3545 481 3602 et
506 3531 597 3602 nuda
622 3543 777 3602 maneat:
804 3529 912 3624 qnod,
936 3529 1099 3622 quoniam
1115 3527 1158 3599 de
1175 3550 1212 3598 re
1229 3527 1357 3620 agitur,
1375 3545 1463 3616 quac

185 3634 375 3704 maximam
408 3633 628 3708 latitudinem
662 3636 806 3728 recipit,
840 3635 980 3706 nonsit
1008 3633 1226 3715 mirandum,
1252 3631 1281 3700 si
1306 3627 1464 3721 aliqualis

185 3738 390 3830 opinionum
415 3752 520 3833 atque
546 3759 670 3811 usuum
697 3739 900 3810 difformitas
924 3737 1082 3810 extiterit
1091 3759 1103 3823 3
1118 3734 1207 3832 qaod
1229 3733 1463 3828 periculosum

187 3865 230 3913 ae
253 3842 494 3916 difficillimum
519 3847 565 3917 sit
588 3846 779 3939 perlectam
809 3843 937 3936 ubique
969 3842 1244 3915 uniformitatem
1277 3837 1465 3931 aequalita-

189 3961 332 4040 temque
357 3949 532 4021 inducere.
560 3949 737 4042 Denique,
764 3949 904 4020 tametsi
929 3947 1035 4041 aliqui
1060 3947 1205 4020 fortasse
1239 3945 1366 4018 invecti
1392 3943 1465 4014 iue-

188 4053 262 4123 rint
277 4055 422 4139 abusus,
440 4055 665 4127 nibilominus
689 4078 768 4126 cum
786 4055 853 4125 ianr
871 4053 1119 4126 declarationes
1135 4055 1177 4126 nd
1193 4074 1253 4124 eos
1269 4050 1465 4122 avellendos

189 4159 305 4231 editae
330 4159 399 4230 iam
423 4161 597 4243 existant,
624 4159 851 4232 concludebat
875 4160 984 4250 magis
1016 4160 1181 4252 expedire
1204 4157 1232 4228 si
1259 4157 1344 4227 nihil
1369 4156 1468 4226 inno-

193 4275 312 4334 vatum
337 4263 447 4346 soret,
474 4287 513 4334 ao
537 4266 655 4358 potius
679 4266 713 4334 in
738 4265 773 4334 id
797 4264 1034 4346 insisteretur,
1061 4275 1101 4334 ut
1125 4263 1328 4357 Superiores
1352 4275 1467 4356 pont:-

254 4417 415 4486 (t)Quando
427 4416 518 4487 alique
532 4416 658 4472 resolutio
670 4415 803 4482 differtur,
856 4415 918 4470 lata
936 4413 1102 4470 resolutione
1117 4442 1128 4456 ·
1144 4415 1184 4470 rel
1195 4441 1207 4456 ·
1219 4413 1312 4470 dilata
1329 4416 1371 4468 est
1391 4429 1468 4468 reso·

190 4497 336 4556 adtribetur
345 4500 464 4555 clausula
475 4529 488 4542 ·
498 4501 598 4556 Dilata
610 4531 619 4542 -
632 4517 726 4571 rrerrrpe
737 4529 747 4542 ·
759 4501 803 4556 ar·-
855 4504 936 4556 tutto.
945 4521 964 4550 ι
