3248 5004
187 437 227 504 tt
626 457 844 508 assemanus
871 459 1029 508 erasinus.

186 583 203 629 s
221 581 311 642 sam,
328 569 365 631 et
376 583 440 654 pro
457 558 696 632 fundatoribus
706 560 1000 633 Primissariarum
1017 563 1206 656 applicant,
1225 562 1384 634 salarium
1410 583 1456 637 ex

187 665 330 736 nlundo
344 665 654 747 Primissariarum,
673 688 735 758 pro
758 667 925 760 pecullari
950 666 1077 750 labore,
1104 668 1282 762 percipere
1305 670 1454 761 possint.

187 795 203 838 a
226 771 265 842 ll.
284 771 412 842 Utrum
424 771 569 842 Parochi
586 771 659 863 qui,
674 795 736 865 pro
749 771 958 844 necessitate
970 773 1322 855 circumstantiarum,
1333 772 1456 844 diebus

187 879 407 952 »dominicis
423 892 459 950 et
476 879 588 961 lestis,
615 879 687 950 sire
711 880 746 948 in
771 869 929 953 Ecclesia
952 880 1157 972 parochiali,
1184 879 1258 952 sive
1281 879 1375 951 filiali
1391 879 1459 950 dis·

188 991 306 1073 nsita,
333 989 388 1060 bis
412 989 609 1072 celebrant,
628 989 753 1060 tradita
778 989 882 1060 simul
908 989 1062 1062 doctrina
1085 990 1288 1072 christiana,
1315 1013 1376 1083 pro
1399 1013 1460 1084 pc·

188 1121 205 1162 a
222 1093 343 1165 culiari
360 1094 477 1166 labore
494 1105 529 1165 et
546 1093 728 1177 industria,
743 1106 878 1166 certum
898 1094 1057 1165 salarium
1074 1117 1231 1166 annuum
1248 1117 1268 1165 a
1285 1091 1466 1188 parochiae

188 1201 278 1270 nnis
302 1198 474 1282 oblatum,
501 1200 680 1293 percipere
705 1197 887 1272 valeant.»

588 1373 831 1439 Disceptatio
851 1374 1067 1437 synoptico.

260 1506 309 1578 Et
328 1529 407 1586 oure
425 1529 602 1577 onsrssanr
620 1529 845 1577 arrrnnrrroru.
860 1544 907 1557 —
924 1503 1273 1578 Animadvertebatur
1284 1528 1328 1577 ex
1340 1505 1464 1600 officio,

189 1610 339 1683 vetitum
352 1633 427 1684 esse
443 1611 611 1683 Parochis
622 1611 762 1682 hinandi
779 1610 945 1682 facultate
961 1609 1109 1694 donatis,
1120 1635 1182 1704 pro
1198 1612 1349 1684 secunda
1358 1611 1462 1682 Missa

189 1720 446 1812 eleemosynam
459 1720 626 1812 recipere,
641 1741 704 1791 ceu
715 1719 751 1790 S.
762 1719 801 1791 C.
814 1719 855 1790 C.
866 1717 1025 1790 delinivit
1038 1719 1072 1788 in
1086 1719 1146 1790 cit.
1158 1719 1374 1792 Cameracen.
1385 1717 1467 1791 biis·

187 1851 244 1898 sne
255 1850 319 1923 pro
335 1827 477 1923 Popnlo,
494 1841 530 1901 et
547 1827 677 1921 plurios
695 1827 776 1900 alibi
794 1826 949 1900 decrevit
966 1828 1169 1918 praesertim
1187 1829 1221 1898 in
1237 1827 1460 1900 Vintimilien.

191 1943 231 2009 19
250 1937 445 2010 Decembris
471 1940 574 2010 1835.
600 1938 673 2009 lmo
695 1940 737 2009 ad
764 1961 837 2010 rem
861 1936 1070 2008 afferebatur
1093 1939 1271 2030 responsio
1294 1940 1465 2031 quaedam

187 2047 226 2114 S.
240 2043 281 2115 C.
295 2043 375 2116 data
392 2044 426 2112 in
443 2042 601 2114 Btieien.
615 2043 670 2114 die
686 2045 707 2115 3
724 2042 842 2114 Martii
861 2045 950 2112 18511
963 2065 1027 2137 per
1041 2065 1128 2112 sum.
1144 2065 1294 2138 precum.
1309 2043 1467 2117 Consue-

189 2149 276 2227 tudo
300 2149 393 2221 enim
418 2150 610 2221 invaluerat
635 2151 669 2218 in
694 2173 733 2222 ea
757 2147 921 2229 dioecesi,
940 2159 980 2217 ut
1003 2169 1023 2217 a
1047 2147 1252 2240 quibusdam
1275 2151 1342 2243 piis
1357 2149 1465 2223 Soda-

188 2255 274 2325 litiis
297 2267 361 2324 aut
380 2252 569 2326 Praefectis
593 2254 739 2327 fabricae
765 2253 944 2335 eeclesiae,
965 2252 1211 2326 retribueretur
1229 2254 1379 2327 Perocho
1404 2279 1466 2348 pe·

188 2359 327 2433 culiaris
362 2360 581 2454 eleemosyna
604 2382 665 2453 pro
693 2361 815 2443 Missa,
842 2359 966 2430 diebus
997 2359 1177 2432 dominicis
1201 2374 1261 2431 aut
1285 2362 1384 2434 lestis
1420 2362 1466 2432 de

189 2477 386 2562 praecepto,
413 2465 616 2539 celebrande
642 2466 696 2539 vel
719 2465 902 2549 canenda3
927 2464 1030 2556 idque
1053 2465 1234 2559 aliquando
1259 2467 1334 2538 sine
1359 2487 1466 2536 onere

188 2570 349 2664 specialis
379 2571 632 2664 applicationis.
658 2571 745 2644 llinc
769 2570 959 2665 quaerebat
992 2571 1203 2665 Episcopus:
1235 2583 1352 2642 utrum
1378 2570 1466 2640 haec

188 2678 318 2771 praxis,
336 2677 396 2749 ubi
413 2677 456 2748 ab
473 2677 737 2749 immemorabili
763 2675 1011 2749 consuetudine
1036 2677 1170 2748 firmata
1195 2676 1384 2756 invenitur,
1413 2685 1466 2743 to·

189 2782 290 2854 lerari
315 2783 436 2875 possit,
454 2783 577 2854 saltem
602 2805 664 2874 pro
688 2782 812 2854 diebus
837 2780 962 2873 quihus
986 2781 1130 2854 offertur
1154 2780 1371 2872 eleemosyna
1388 2779 1468 2850 abs-

190 2909 257 2980 que
274 2885 484 2979 obligatione
501 2886 749 2959 determinatae
766 2885 995 2977 obligationis.
1011 2887 1116 2959 Sacra
1132 2896 1250 2956 eutem
1267 2883 1307 2955 C.
1328 2885 1465 2956 censuit

190 2991 470 3066 rescribendum:
492 2991 773 3066 Consuetudinem
790 2992 886 3061 iuxta
902 2995 1051 3089 exposita
1068 3015 1138 3062 esse
1153 2989 1417 3086 reprobandum,
1433 3004 1467 3062 et

190 3096 390 3168 sementiam
401 3121 472 3169 esse
483 3100 749 3170 constitutionem
758 3097 934 3170 Benedicti
946 3095 1147 3170 XlVaCnm
1159 3119 1289 3190 semper
1301 3095 1465 3168 oblatus.»

262 3202 312 3274 Er
329 3228 408 3284 ouis
426 3228 714 3276 surrnrernnrrun.
728 3203 911 3276 Caeterum
928 3203 1176 3278 observabatur
1193 3202 1235 3272 ad
1251 3225 1369 3274 casum
1387 3227 1466 3299 pro·

193 3311 346 3402 positum
362 3311 455 3402 quod
479 3312 605 3382 attinet
617 3361 634 3393 ,,
646 3333 726 3381 cum
751 3309 967 3405 eleemosyna
985 3332 1052 3382 non
1076 3309 1208 3382 ratione
1233 3306 1468 3381 celebrationis

192 3428 251 3484 cut
275 3415 508 3510 applicationis
532 3417 703 3489 secundae
728 3415 851 3490 Missae
877 3417 1105 3510 rependatur,
1132 3414 1193 3486 sed
1217 3413 1319 3522 titulo
1350 3439 1466 3488 remu·

191 3522 381 3592 nerationis
405 3544 467 3616 pro
492 3521 633 3616 speciali
658 3522 775 3593 labore
799 3535 834 3594 et
858 3522 1045 3606 industria,
1111 3536 1290 3606 superesse
1343 3521 1465 3594 decer·

192 3626 345 3698 nendum
369 3627 493 3700 Sacrae
518 3627 802 3721 Congregationi‚
821 3652 863 3701 an
889 3627 1076 3723 prohibitio
1094 3628 1137 3699 de
1152 3649 1220 3719 qua
1236 3648 1354 3722 supra,
1373 3648 1467 3697 com-

191 3733 423 3838 prehenderet
447 3735 553 3806 etiam
571 3736 603 3805 id
619 3735 712 3827 quod
728 3757 771 3806 ex
787 3734 984 3806 huiusmodi
1009 3733 1112 3804 titulo
1136 3733 1248 3805 afferri
1273 3732 1375 3804 solet.
1393 3730 1464 3803 Nec

192 3838 377 3910 videbatur
401 3841 528 3932 opponi
552 3842 699 3933 allegata
722 3839 877 3912 Bricien.
897 3841 932 3909 in
950 3862 1016 3932 qua
1041 3863 1140 3912 casus
1165 3852 1238 3912 erat
1262 3861 1331 3908 non
1352 3838 1395 3908 de
1413 3862 1467 3910 se-

192 3943 306 4015 cunda
331 3943 452 4027 Missa,
480 3946 539 4018 sed
563 3946 607 4018 de
630 3935 732 4016 Missa
755 3945 964 4040 parochiali,
992 3956 1027 4017 et
1051 3945 1268 4040 eleemosyna
1300 3945 1467 4037 repende·

192 4047 299 4119 batur
329 4072 390 4142 pro
420 4051 652 4124 celebratione
684 4051 806 4124 Missae
841 4050 1010 4122 eiusdem.
1043 4050 1071 4122 E
1101 4063 1221 4124 cotnra
1254 4072 1336 4121 vero
1360 4049 1397 4120 S.
1422 4047 1467 4118 C.

192 4153 363 4238 Rituum,
389 4157 492 4229 titulo
517 4159 805 4231 remunerationis
830 4179 894 4250 pro
927 4156 1066 4251 speciali
1091 4157 1233 4238 labore,
1259 4153 1467 4247 quibusdam

192 4257 357 4332 Parochis
381 4265 440 4355 qui
472 4263 616 4334 Sacrum
640 4265 847 4337 necessitate
872 4263 1033 4356 exigente
1057 4265 1251 4345 iterabant,
1278 4262 1313 4330 in
1339 4260 1469 4331 locisa

192 4365 382 4459 parochiali
406 4370 551 4442 ecelesia
575 4371 730 4456 remotis,
748 4369 984 4463 receptionem
1005 4371 1184 4443 cuiusdam
1210 4367 1373 4464 stipendii
1391 4387 1470 4437 cen·

192 4471 266 4545 suit
289 4493 391 4564 posse
415 4475 583 4567 permitti.
603 4474 837 4548 bloncstcrien.
861 4482 896 4548 ll
919 4476 1011 4548 lunii
1030 4481 1133 4550 1815.
