3248 5004
726 423 873 470 arrasam
901 423 932 467 ιι.
1426 402 1471 466 titi

198 541 232 593 et
261 536 498 593 commorantem
526 526 609 608 apud
635 529 805 603 tutricem,
859 526 981 588 rrnllitas
1002 527 1202 598 matrimonii,
1231 533 1296 588 tum
1321 545 1356 587 ex
1380 544 1471 588 carisa

197 651 327 713 eumque
345 632 498 694 transtulit
519 633 548 692 in
567 630 722 710 quoddam
742 648 802 712 op·
858 638 977 710 raptus,
1002 638 1064 691 tum
1088 649 1122 692 ex
1145 631 1265 692 delectu
1281 631 1399 708 proprii
1415 647 1470 709 pa·

201 735 306 815 pidum
321 735 401 814 apud
417 752 505 796 suum
522 733 685 814 patruelem
710 734 805 810 (idest
860 733 966 809 roclai3
981 733 1033 795 sed
1047 735 1233 795 contrariam
1248 730 1383 794 obtinuit
1398 750 1471 794 seu·

198 837 368 916 patruelem
391 838 486 916 ipsius
507 838 600 911 riri),
624 836 736 898 ibidem
761 855 807 899 re-
858 837 1002 896 tentiam:
1027 834 1193 913 appellavit
1216 831 1345 913 proinde
1365 833 1402 894 ad
1419 851 1470 895 sa·

197 938 283 1013 licta,
298 938 558 1001 asserebaturcam
571 937 801 1002 libereconrer·
858 955 904 1000 cr.
919 938 1045 1000 concilii
1062 939 1096 1000 C.
1108 955 1185 1018 quae
1204 936 1242 998 ad
1262 934 1408 998 dubium:
1424 942 1470 1000 dn

195 1047 293 1101 salam
316 1041 417 1102 luisse.
434 1042 508 1102 Post
530 1042 569 1101 16
590 1040 676 1117 dies,
702 1059 807 1104 coram
857 1048 962 1100 canstat
973 1041 1008 1100 de
1018 1041 1150 1100 nullitate
1163 1041 1339 1099 matrimonii
1348 1044 1378 1099 in
1386 1058 1465 1114 ocra,

201 1141 363 1220 Capeliano
375 1143 520 1203 castrensi
537 1149 567 1202 et
583 1141 706 1204 duobus
718 1143 805 1204 teati-
858 1141 1015 1222 respondit
1029 1143 1295 1221 paritcrncpative.

199 1242 257 1304 bus
269 1245 495 1305 matrimonium
505 1251 733 1307 contraxerunt.
747 1246 807 1306 lle-
922 1244 1045 1306 Censuit
1060 1243 1164 1322 itaque
1177 1245 1207 1302 S.
1219 1243 1254 1304 C.
1268 1261 1325 1302 nan
1339 1251 1468 1302 constare

199 1345 270 1405 inde
299 1363 368 1406 cura
392 1345 544 1406 civitatem
571 1345 806 1408 olomucensem
858 1347 893 1406 de
907 1348 1040 1406 nullitate
1054 1349 1240 1406 matrimonii.
1260 1345 1296 1404 Et
1310 1361 1382 1406 sarie
1398 1344 1470 1405 licet

197 1446 347 1521 adierint,
362 1453 433 1508 orto
447 1445 807 1510 dubiodelruiasmatri·
858 1454 1013 1510 constaret
1029 1446 1067 1508 de
1084 1445 1229 1508 materiali
1248 1453 1355 1525 raptu,
1374 1445 1468 1507 habe·

197 1549 291 1609 monii
311 1548 487 1627 validitate,
512 1549 660 1611 admoniti
684 1549 808 1612 luerunt
857 1546 1470 1626 baniurtamenpraviaindioiaudcaclu-

194 1652 343 1730 coniuges
363 1650 401 1712 ab
419 1653 572 1732 Episcopo
594 1658 625 1713 et
648 1651 807 1732 prudenti·
858 1650 973 1713 dandas
996 1651 1062 1712 illas
1084 1649 1207 1712 dolosas
1223 1647 1467 1722 sollicitationes,

195 1753 361 1829 basileis,
382 1759 415 1814 ut
429 1755 590 1816 seiunctim
611 1754 757 1833 virerent,
775 1762 807 1817 et
858 1752 971 1834 quibus
994 1753 1172 1832 nequissimi
1195 1751 1333 1813 homines
1351 1751 1469 1812 l'aciunt

193 1855 307 1915 naulica·
322 1856 352 1914 in
368 1853 469 1915 lacum
485 1861 586 1916 tutum
601 1872 633 1916 se
646 1856 805 1935 reciperet.
857 1855 1016 1916 mulierem
1041 1853 1116 1916 velle
1137 1855 1167 1915 iu
1191 1860 1308 1915 tantum
1336 1852 1469 1914 dedecus

192 1957 309 2016 verram
322 1954 466 2033 neglectis
480 1955 562 2016 hisce
579 1957 714 2034 monitis,
730 1959 806 2020 0lo·
858 1975 922 2018 sese
943 1955 1087 2036 prodere.
1111 1955 1248 2019 Aderant
1270 1956 1349 2017 enim
1376 1961 1469 2016 testes

193 2060 297 2118 rnueio
327 2058 453 2131 relicto,
484 2057 626 2120 adierunt
649 2059 805 2139 quoddam
860 2061 976 2140 (pronati
990 2061 1107 2120 eruitur
1119 2077 1154 2119 ex
1171 2060 1302 2137 partium
1315 2057 1468 2137 discepta-

191 2159 413 2236 fortalitium,
445 2159 551 2240 ibique
582 2167 653 2239 post
687 2179 806 2224 moram
858 2164 942 2222 tione
958 2163 989 2222 S.
1004 2163 1037 2221 C.
1051 2162 1229 2240 proposita)
1252 2161 1304 2238 qui
1329 2159 1461 2238 depone·

192 2263 331 2338 quinqua
357 2261 504 2322 mensium
531 2277 635 2322 coram
665 2263 806 2325 Paroebo
858 2263 932 2325 baut
951 2261 1468 2337 mulierem,rolentemctmaxime

194 2363 390 2438 ottonibus,
413 2363 598 2424 matrimonii
624 2382 806 2426 consensum
858 2370 1026 2445 optantem,
1046 2365 1137 2425 luisse
1160 2382 1177 2425 a
1198 2363 1264 2424 viro
1281 2361 1466 2439 abductarn3

193 2470 393 2526 renovarunt.
414 2465 533 2525 Interea
547 2482 581 2527 ex
600 2465 744 2544 evulgato
757 2484 807 2527 ra·
859 2466 963 2528 aderat
980 2465 1105 2546 quidam
1123 2465 1294 2526 tanaiticus
1307 2467 1359 2544 qui
1375 2472 1468 2526 testa·

193 2574 265 2645 ptus
279 2583 414 2641 rumore,
426 2573 584 2645 sequestro
594 2568 728 2628 subiecta
741 2567 807 2628 luc·
856 2573 980 2630 tuaest:
1000 2575 1070 2630 ante
1093 2567 1228 2628 mulieris
1252 2566 1468 2626 abductionem

192 2674 263 2728 rant
282 2667 366 2730 bona
386 2667 629 2730 adolescentulae
646 2667 807 2731 inditione
857 2672 932 2750 inita
948 2672 1028 2731 inter
1045 2687 1098 2731 eos
1115 2669 1206 2730 luisse
1222 2667 1386 2747 sponsalia.
1407 2669 1469 2728 lle·

192 2767 352 2830 borussiea
380 2770 559 2846 existentia,
585 2769 671 2849 quod
697 2768 805 2832 deinde
857 2772 928 2834 inde
945 2771 1070 2848 mulier,
1085 2771 1225 2849 quamvis
1241 2770 1280 2830 ab
1297 2770 1453 2849 Epiaenpo

194 2872 252 2934 luit
271 2877 468 2953 revocatam,
492 2874 601 2934 emissa
624 2889 680 2952 per
701 2873 805 2936 adole·
858 2879 889 2935 et
911 2871 950 2933 ab
972 2871 1037 2933 aliis
1060 2870 1216 2934 admonita
1242 2871 1347 2934 luisset
1397 2879 1430 2930 ut
1453 2890 1468 2931 a

193 2973 361 3034 scentulam
374 2973 669 3053 declaratione,qua
683 2975 803 3037 lateba·
854 2977 921 3036 viro
944 2980 1154 3053 separaretur,
1179 2990 1333 3051 nunquam
1350 2971 1388 3033 ad
1408 2972 1470 3034 boc

189 3083 246 3136 tur
265 3093 298 3135 se
316 3083 426 3156 sponte
448 3083 479 3138 et
502 3076 670 3138 voluntarie
702 3077 801 3138 avire
855 3077 957 3137 induci
971 3077 1085 3156 potuit;
1100 3075 1185 3155 quod
1199 3074 1387 3135 demonstrat
1399 3073 1467 3133 ani·

191 3177 285 3237 tuisse
305 3175 482 3239 abductam.
500 3178 611 3239 ilerum
631 3180 710 3240 iuter
726 3195 803 3239 eon·
855 3176 1144 3240 mumoblirmatum
1156 3174 1470 3236 mulieriscobaeren·

191 3280 584 3359 iugeapostpluresannos
601 3281 801 3356 matrimonii,
856 3287 917 3340 lein
936 3279 1062 3339 emissae
1085 3276 1283 3339 declarationi
1307 3292 1367 3353 qua
1389 3275 1468 3337 lassa

192 3383 306 3442 exortis
323 3381 472 3459 dissidiis,
497 3382 606 3443 mulier
630 3382 732 3460 lugam
749 3401 801 3444 ar·
854 3388 1014 3457 estepanis
1032 3397 1084 3439 soa
1125 3387 1151 3438 et
1174 3381 1350 3453 voluntarie,
1367 3395 1383 3438 n
1400 3379 1466 3438 viro

193 3483 287 3560 ripnit
303 3491 333 3544 et
351 3501 366 3544 a
388 3484 536 3546 catholica
557 3485 702 3563 religione
721 3485 804 3547 dele·
854 3484 947 3544 luisse
960 3481 1121 3544 abductam
1136 3499 1154 3542 e
1169 3484 1280 3541 tairr'cir
1294 3480 1400 3542 domo.

190 3585 247 3645 cit.
266 3587 426 3664 Proposita
450 3603 506 3665 per
525 3587 683 3649 mulierem
705 3605 801 3669 quae·
918 3586 985 3645 lrno
1010 3601 1080 3644 cum
1103 3583 1329 3644 anatrimonium
1354 3583 1467 3643 iterum

191 3689 291 3747 atione
320 3705 412 3765 super
445 3687 585 3749 nullitate
617 3690 801 3752 matrimonii
854 3703 957 3746 coram
986 3683 1127 3746 Paroelro
1156 3689 1186 3743 et
1212 3683 1367 3759 testibus,
1398 3689 1468 3761 post

190 3787 273 3866 apud
297 3790 529 3867 protestantium
548 3789 725 3865 tribunalia,
744 3790 803 3851 ob·
854 3787 986 3865 spatium
1007 3785 1142 3865 plurium
1166 3787 1312 3845 mensium
1336 3801 1467 3844 renova·

190 3890 282 3950 tinuit
295 3889 403 3952 mulier
415 3891 605 3952 matrimonii·
618 3891 802 3952 solutionem
855 3896 919 3949 tum
933 3889 1039 3966 luerit,
1052 3889 1124 3968 quin
1140 3887 1248 3948 mulier
1259 3887 1344 3947 uselli
1363 3905 1379 3947 a
1399 3889 1464 3946 viro

187 4007 282 4050 causa
304 3989 418 4053 dissidii
442 3997 473 4052 et
494 3991 708 4054 ablieoationis
737 3994 804 4054 ani·
856 3989 1007 4064 volucrit3
1029 3989 1190 4051 ridebatur
1224 3990 1329 4067 patius
1359 3987 1468 4048 mulier

189 4107 326 4165 morum,
346 4109 426 4171 quae
447 4093 597 4154 sententia
619 4093 730 4155 trustra
753 4111 803 4154 re·
855 4091 893 4153 ad
919 4094 1014 4152 instar
1040 4093 1256 4165 meretricum,
1280 4092 1379 4152 virum
1406 4089 1464 4149 snb

187 4192 345 4254 clamante
366 4194 432 4255 viro
450 4195 508 4256 luit
522 4193 613 4255 semel
630 4195 804 4274 iterumque
855 4210 909 4254 sua
932 4199 1083 4272 potestate
1106 4194 1252 4270 retinere,
1283 4209 1394 4271 quam,
1434 4209 1469 4253 ea

187 4294 384 4355 confirmata.
854 4293 913 4356 sab
930 4294 988 4355 viri
1009 4300 1159 4373 potestate
1180 4295 1317 4354 retineri.

257 4396 350 4458 l’etiit
371 4393 480 4457 deinde
508 4396 596 4458 etiam
620 4395 694 4474 vir,
719 4395 803 4475 apud
919 4395 1073 4456 lterumio
1087 4413 1145 4455 aaa
1159 4395 1370 4454 Praemisitien.
1387 4395 1467 4453 lt'al·

191 4503 372 4578 competens
389 4497 532 4561 tribunal.
546 4505 578 4560 nt
595 4498 802 4561 declararetur
857 4499 947 4557 litatis
967 4499 1152 4571 Matrimonii,
1181 4497 1279 4576 primo
1306 4494 1469 4572 paroposita
