<?xml version="1.0" encoding="UTF-8"?>
<!DOCTYPE html PUBLIC "-//W3C//DTD XHTML 1.0 Transitional//EN"
    "http://www.w3.org/TR/xhtml1/DTD/xhtml1-transitional.dtd">
<html xmlns="http://www.w3.org/1999/xhtml" xml:lang="en" lang="en">
 <head>
  <title>
</title>
<meta http-equiv="Content-Type" content="text/html;charset=utf-8" />
  <meta name='ocr-system' content='tesseract 3.04.00' />
  <meta name='ocr-capabilities' content='ocr_page ocr_carea ocr_par ocr_line ocrx_word'/>
</head>
<body>
  <div class='ocr_page' id='page_1' title='image "actasanctaesedi00ixgoog_0141.png"; bbox 0 0 3282 5008; ppageno 0'>
   <div class='ocr_carea' id='block_1_1' title="bbox 187 453 1022 525">
    <p class='ocr_par' dir='ltr' id='par_1_1' title="bbox 187 453 1022 525">
     <span class='ocr_line' id='line_1_1' title="bbox 187 453 1022 525; baseline -0.016 -5"><span class='ocrx_word' id='word_1_1' title='bbox 187 453 255 525; x_wconf 78' lang='grc'>136</span> <span class='ocrx_word' id='word_1_2' title='bbox 626 465 813 518; x_wconf 83' lang='lat' dir='ltr'>nuttrrrrrs</span> <span class='ocrx_word' id='word_1_3' title='bbox 829 461 1022 516; x_wconf 83' lang='grc' dir='ltr'>ιιτιιιιοιιιι.</span> 
     </span>
    </p>
   </div>
   <div class='ocr_carea' id='block_1_2' title="bbox 183 565 1466 4564">
    <p class='ocr_par' dir='ltr' id='par_1_2' title="bbox 186 565 1460 1514">
     <span class='ocr_line' id='line_1_2' title="bbox 186 565 1460 668; baseline -0.009 -17"><span class='ocrx_word' id='word_1_4' title='bbox 186 580 336 653; x_wconf 84' lang='lat' dir='ltr'>firmarit</span> <span class='ocrx_word' id='word_1_5' title='bbox 357 579 517 652; x_wconf 85' lang='lat' dir='ltr'>Urbanus</span> <span class='ocrx_word' id='word_1_6' title='bbox 540 575 630 648; x_wconf 88' lang='lat' dir='ltr'>Vlll.</span> <span class='ocrx_word' id='word_1_7' title='bbox 647 571 779 668; x_wconf 81' lang='lat' dir='ltr'><strong>Nempe</strong></span> <span class='ocrx_word' id='word_1_8' title='bbox 797 600 813 640; x_wconf 82' lang='grc' dir='ltr'>ι</span> <span class='ocrx_word' id='word_1_9' title='bbox 828 571 931 644; x_wconf 82' lang='lat' dir='ltr'>Sacra</span> <span class='ocrx_word' id='word_1_10' title='bbox 956 581 1025 642; x_wconf 92' lang='lat' dir='ltr'>otc.</span> <span class='ocrx_word' id='word_1_11' title='bbox 1056 567 1191 640; x_wconf 87' lang='lat' dir='ltr'>censuit</span> <span class='ocrx_word' id='word_1_12' title='bbox 1212 565 1460 640; x_wconf 79' lang='lat' dir='ltr'>dandam-esse</span> 
     </span>
     <span class='ocr_line' id='line_1_3' title="bbox 188 675 1456 770; baseline -0.006 -16"><span class='ocrx_word' id='word_1_13' title='bbox 188 686 487 759; x_wconf 74' lang='lat' dir='ltr'><strong>»declarationem</strong></span> <span class='ocrx_word' id='word_1_14' title='bbox 513 683 547 752; x_wconf 93' lang='lat' dir='ltr'>in</span> <span class='ocrx_word' id='word_1_15' title='bbox 573 682 747 753; x_wconf 87' lang='lat' dir='ltr'>abstracto</span> <span class='ocrx_word' id='word_1_16' title='bbox 771 679 805 749; x_wconf 96' lang='lat' dir='ltr'>in</span> <span class='ocrx_word' id='word_1_17' title='bbox 830 677 938 750; x_wconf 88' lang='lat' dir='ltr'>sonna</span> <span class='ocrx_word' id='word_1_18' title='bbox 962 677 1141 770; x_wconf 82' lang='lat' dir='ltr'><strong>sequenti:</strong></span> <span class='ocrx_word' id='word_1_19' title='bbox 1158 677 1211 748; x_wconf 84' lang='lat' dir='ltr'>vir</span> <span class='ocrx_word' id='word_1_20' title='bbox 1233 692 1269 748; x_wconf 88' lang='lat' dir='ltr'>et</span> <span class='ocrx_word' id='word_1_21' title='bbox 1292 675 1456 749; x_wconf 82' lang='lat' dir='ltr'>muliera</span> 
     </span>
     <span class='ocr_line' id='line_1_4' title="bbox 188 781 1456 880; baseline -0.002 -20"><span class='ocrx_word' id='word_1_22' title='bbox 188 790 296 863; x_wconf 73' lang='lat' dir='ltr'>»ioco</span> <span class='ocrx_word' id='word_1_23' title='bbox 310 809 400 862; x_wconf 84' lang='lat' dir='ltr'>suae</span> <span class='ocrx_word' id='word_1_24' title='bbox 417 787 642 859; x_wconf 82' lang='lat' dir='ltr'>habitationis</span> <span class='ocrx_word' id='word_1_25' title='bbox 665 785 786 880; x_wconf 83' lang='lat' dir='ltr'>absque</span> <span class='ocrx_word' id='word_1_26' title='bbox 809 784 922 856; x_wconf 84' lang='lat' dir='ltr'>animo</span> <span class='ocrx_word' id='word_1_27' title='bbox 936 781 1030 853; x_wconf 85' lang='lat' dir='ltr'>illam</span> <span class='ocrx_word' id='word_1_28' title='bbox 1048 781 1259 880; x_wconf 79' lang='lat' dir='ltr'>relinquendi</span> <span class='ocrx_word' id='word_1_29' title='bbox 1280 787 1456 860; x_wconf 89' lang='lat' dir='ltr'>disceden-</span> 
     </span>
     <span class='ocr_line' id='line_1_5' title="bbox 187 890 1454 985; baseline 0.002 -21"><span class='ocrx_word' id='word_1_30' title='bbox 187 909 274 970; x_wconf 77' lang='lat' dir='ltr'>n-tes</span> <span class='ocrx_word' id='word_1_31' title='bbox 289 896 378 969; x_wconf 90' lang='lat' dir='ltr'>etad</span> <span class='ocrx_word' id='word_1_32' title='bbox 391 895 507 968; x_wconf 92' lang='lat' dir='ltr'>locum</span> <span class='ocrx_word' id='word_1_33' title='bbox 523 893 665 967; x_wconf 90' lang='lat' dir='ltr'>alterius</span> <span class='ocrx_word' id='word_1_34' title='bbox 681 892 858 985; x_wconf 76' lang='lat' dir='ltr'>paroeciae</span> <span class='ocrx_word' id='word_1_35' title='bbox 874 890 947 962; x_wconf 92' lang='lat' dir='ltr'>solo</span> <span class='ocrx_word' id='word_1_36' title='bbox 960 891 1076 962; x_wconf 91' lang='lat' dir='ltr'>animo</span> <span class='ocrx_word' id='word_1_37' title='bbox 1103 893 1173 965; x_wconf 88' lang='lat' dir='ltr'>illle</span> <span class='ocrx_word' id='word_1_38' title='bbox 1196 895 1454 968; x_wconf 76' lang='lat' dir='ltr'>matrimonium</span> 
     </span>
     <span class='ocr_line' id='line_1_6' title="bbox 186 995 1453 1084; baseline 0.002 -14"><span class='ocrx_word' id='word_1_39' title='bbox 186 1029 204 1070; x_wconf 75' lang='grc' dir='ltr'>ι</span> <span class='ocrx_word' id='word_1_40' title='bbox 218 1002 427 1084; x_wconf 91' lang='lat' dir='ltr'>celebrandi,</span> <span class='ocrx_word' id='word_1_41' title='bbox 438 1021 505 1071; x_wconf 92' lang='lat' dir='ltr'>non</span> <span class='ocrx_word' id='word_1_42' title='bbox 519 1010 635 1070; x_wconf 90' lang='lat' dir='ltr'>autem</span> <span class='ocrx_word' id='word_1_43' title='bbox 645 995 853 1068; x_wconf 79' lang='lat' dir='ltr'>domicilium</span> <span class='ocrx_word' id='word_1_44' title='bbox 865 995 1095 1077; x_wconf 82' lang='lat' dir='ltr'>contrahendi,</span> <span class='ocrx_word' id='word_1_45' title='bbox 1104 998 1393 1072; x_wconf 87' lang='lat' dir='ltr'>setmnsierentes</span> <span class='ocrx_word' id='word_1_46' title='bbox 1407 1002 1453 1072; x_wconf 90' lang='lat' dir='ltr'>ibi</span> 
     </span>
     <span class='ocr_line' id='line_1_7' title="bbox 186 1100 1452 1200; baseline 0.002 -26"><span class='ocrx_word' id='word_1_47' title='bbox 186 1129 337 1180; x_wconf 72' lang='lat' dir='ltr'>scoram</span> <span class='ocrx_word' id='word_1_48' title='bbox 363 1107 512 1200; x_wconf 77' lang='lat' dir='ltr'>parocho</span> <span class='ocrx_word' id='word_1_49' title='bbox 537 1102 630 1173; x_wconf 93' lang='lat' dir='ltr'>illius</span> <span class='ocrx_word' id='word_1_50' title='bbox 646 1102 712 1174; x_wconf 91' lang='lat' dir='ltr'>loci</span> <span class='ocrx_word' id='word_1_51' title='bbox 733 1100 991 1172; x_wconf 89' lang='lat' dir='ltr'>matrimonium</span> <span class='ocrx_word' id='word_1_52' title='bbox 1017 1101 1108 1174; x_wconf 91' lang='lat' dir='ltr'>inter</span> <span class='ocrx_word' id='word_1_53' title='bbox 1131 1127 1169 1176; x_wconf 88' lang='lat' dir='ltr'>sc</span> <span class='ocrx_word' id='word_1_54' title='bbox 1193 1117 1452 1176; x_wconf 81' lang='lat' dir='ltr'>contraxerunt.</span> 
     </span>
     <span class='ocr_line' id='line_1_8' title="bbox 186 1206 1456 1304; baseline 0.003 -27"><span class='ocrx_word' id='word_1_55' title='bbox 186 1210 442 1304; x_wconf 71' lang='lat' dir='ltr'>»Supplicatur</span> <span class='ocrx_word' id='word_1_56' title='bbox 459 1232 528 1303; x_wconf 90' lang='lat' dir='ltr'>-per</span> <span class='ocrx_word' id='word_1_57' title='bbox 550 1209 587 1280; x_wconf 87' lang='lat' dir='ltr'>S.</span> <span class='ocrx_word' id='word_1_58' title='bbox 606 1206 776 1300; x_wconf 74' lang='lat' dir='ltr'>congreg.</span> <span class='ocrx_word' id='word_1_59' title='bbox 802 1206 968 1279; x_wconf 89' lang='lat' dir='ltr'>declarari</span> <span class='ocrx_word' id='word_1_60' title='bbox 993 1229 1035 1277; x_wconf 87' lang='lat' dir='ltr'>an</span> <span class='ocrx_word' id='word_1_61' title='bbox 1061 1207 1257 1279; x_wconf 90' lang='lat' dir='ltr'>huiusmodi</span> <span class='ocrx_word' id='word_1_62' title='bbox 1280 1209 1456 1281; x_wconf 89' lang='lat' dir='ltr'>matrimo-</span> 
     </span>
     <span class='ocr_line' id='line_1_9' title="bbox 186 1311 1455 1410; baseline 0.006 -32"><span class='ocrx_word' id='word_1_63' title='bbox 186 1314 319 1385; x_wconf 79' lang='lat' dir='ltr'>»nium</span> <span class='ocrx_word' id='word_1_64' title='bbox 333 1314 379 1385; x_wconf 91' lang='lat' dir='ltr'>sit</span> <span class='ocrx_word' id='word_1_65' title='bbox 397 1313 532 1385; x_wconf 89' lang='lat' dir='ltr'>nullum</span> <span class='ocrx_word' id='word_1_66' title='bbox 549 1311 604 1385; x_wconf 86' lang='lat' dir='ltr'>rel</span> <span class='ocrx_word' id='word_1_67' title='bbox 621 1311 786 1382; x_wconf 87' lang='lat' dir='ltr'>validum.</span> <span class='ocrx_word' id='word_1_68' title='bbox 809 1311 912 1384; x_wconf 89' lang='lat' dir='ltr'>Sacra</span> <span class='ocrx_word' id='word_1_69' title='bbox 936 1323 1003 1383; x_wconf 92' lang='lat' dir='ltr'>etc.</span> <span class='ocrx_word' id='word_1_70' title='bbox 1029 1312 1211 1384; x_wconf 83' lang='lat' dir='ltr'>secuudum</span> <span class='ocrx_word' id='word_1_71' title='bbox 1226 1337 1266 1384; x_wconf 85' lang='lat' dir='ltr'>cc</span> <span class='ocrx_word' id='word_1_72' title='bbox 1278 1337 1364 1410; x_wconf 82' lang='lat' dir='ltr'>quac</span> <span class='ocrx_word' id='word_1_73' title='bbox 1374 1337 1455 1410; x_wconf 85' lang='lat' dir='ltr'>pro-</span> 
     </span>
     <span class='ocr_line' id='line_1_10' title="bbox 187 1413 799 1514; baseline -0.003 -30"><span class='ocrx_word' id='word_1_74' title='bbox 187 1446 203 1484; x_wconf 77' lang='grc' dir='ltr'>ι</span> <span class='ocrx_word' id='word_1_75' title='bbox 214 1433 389 1514; x_wconf 67' lang='lat' dir='ltr'>ponuntur</span> <span class='ocrx_word' id='word_1_76' title='bbox 401 1417 530 1490; x_wconf 77' lang='lat' dir='ltr'>censerit</span> <span class='ocrx_word' id='word_1_77' title='bbox 545 1439 615 1487; x_wconf 84' lang='lat' dir='ltr'>esse</span> <span class='ocrx_word' id='word_1_78' title='bbox 631 1413 799 1484; x_wconf 71' lang='lat' dir='ltr'>necllum.»</span> 
     </span>
    </p>

    <p class='ocr_par' dir='ltr' id='par_1_3' title="bbox 183 1519 1459 2958">
     <span class='ocr_line' id='line_1_11' title="bbox 253 1519 1452 1617; baseline -0.002 -21"><span class='ocrx_word' id='word_1_79' title='bbox 253 1519 511 1596; x_wconf 89' lang='lat' dir='ltr'>Ostendebatur</span> <span class='ocrx_word' id='word_1_80' title='bbox 525 1543 607 1594; x_wconf 81' lang='lat' dir='ltr'>vero</span> <span class='ocrx_word' id='word_1_81' title='bbox 620 1520 825 1604; x_wconf 89' lang='lat' dir='ltr'>secundum,</span> <span class='ocrx_word' id='word_1_82' title='bbox 838 1545 976 1615; x_wconf 84' lang='lat' dir='ltr'>nempe,</span> <span class='ocrx_word' id='word_1_83' title='bbox 993 1520 1082 1614; x_wconf 89' lang='lat' dir='ltr'>quod</span> <span class='ocrx_word' id='word_1_84' title='bbox 1090 1520 1199 1592; x_wconf 82' lang='lat' dir='ltr'>Titius</span> <span class='ocrx_word' id='word_1_85' title='bbox 1216 1522 1379 1617; x_wconf 85' lang='lat' dir='ltr'>appellari</span> <span class='ocrx_word' id='word_1_86' title='bbox 1396 1545 1452 1594; x_wconf 83' lang='lat' dir='ltr'>ve·</span> 
     </span>
     <span class='ocr_line' id='line_1_12' title="bbox 184 1624 1452 1722; baseline -0.001 -24"><span class='ocrx_word' id='word_1_87' title='bbox 184 1649 248 1718; x_wconf 80' lang='lat' dir='ltr'>gus</span> <span class='ocrx_word' id='word_1_88' title='bbox 272 1649 341 1699; x_wconf 95' lang='lat' dir='ltr'>non</span> <span class='ocrx_word' id='word_1_89' title='bbox 365 1639 503 1722; x_wconf 88' lang='lat' dir='ltr'>poterat</span> <span class='ocrx_word' id='word_1_90' title='bbox 527 1649 570 1699; x_wconf 81' lang='lat' dir='ltr'>cx</span> <span class='ocrx_word' id='word_1_91' title='bbox 594 1648 635 1699; x_wconf 92' lang='lat' dir='ltr'>eo</span> <span class='ocrx_word' id='word_1_92' title='bbox 660 1624 750 1718; x_wconf 89' lang='lat' dir='ltr'>quod</span> <span class='ocrx_word' id='word_1_93' title='bbox 774 1625 919 1698; x_wconf 84' lang='lat' dir='ltr'>deerant</span> <span class='ocrx_word' id='word_1_94' title='bbox 942 1625 1155 1699; x_wconf 86' lang='lat' dir='ltr'>conditiones</span> <span class='ocrx_word' id='word_1_95' title='bbox 1179 1627 1223 1697; x_wconf 91' lang='lat' dir='ltr'>cb</span> <span class='ocrx_word' id='word_1_96' title='bbox 1246 1651 1333 1721; x_wconf 87' lang='lat' dir='ltr'>quas</span> <span class='ocrx_word' id='word_1_97' title='bbox 1347 1650 1452 1720; x_wconf 80' lang='lat' dir='ltr'>rogus</span> 
     </span>
     <span class='ocr_line' id='line_1_13' title="bbox 183 1729 1451 1827; baseline 0 -25"><span class='ocrx_word' id='word_1_98' title='bbox 183 1731 341 1825; x_wconf 89' lang='lat' dir='ltr'>quisquis</span> <span class='ocrx_word' id='word_1_99' title='bbox 365 1731 433 1804; x_wconf 94' lang='lat' dir='ltr'>dici</span> <span class='ocrx_word' id='word_1_100' title='bbox 458 1731 581 1826; x_wconf 82' lang='lat' dir='ltr'>possit.</span> <span class='ocrx_word' id='word_1_101' title='bbox 607 1729 775 1822; x_wconf 86' lang='lat' dir='ltr'>Ulpianus</span> <span class='ocrx_word' id='word_1_102' title='bbox 800 1731 953 1802; x_wconf 86' lang='lat' dir='ltr'>enimin</span> <span class='ocrx_word' id='word_1_103' title='bbox 978 1729 1041 1826; x_wconf 75' lang='lat' dir='ltr'>lep.</span> <span class='ocrx_word' id='word_1_104' title='bbox 1061 1734 1104 1800; x_wconf 76' lang='lat'>27</span> <span class='ocrx_word' id='word_1_105' title='bbox 1129 1731 1171 1824; x_wconf 73' lang='lat' dir='ltr'>ff.</span> <span class='ocrx_word' id='word_1_106' title='bbox 1189 1731 1235 1801; x_wconf 88' lang='lat' dir='ltr'>cd</span> <span class='ocrx_word' id='word_1_107' title='bbox 1258 1730 1451 1827; x_wconf 80' lang='lat' dir='ltr'>Municipol.</span> 
     </span>
     <span class='ocr_line' id='line_1_14' title="bbox 183 1834 1454 1930; baseline 0 -24"><span class='ocrx_word' id='word_1_108' title='bbox 183 1837 411 1928; x_wconf 85' lang='lat' dir='ltr'>praemittens</span> <span class='ocrx_word' id='word_1_109' title='bbox 427 1836 568 1910; x_wconf 87' lang='lat' dir='ltr'>diliicilo</span> <span class='ocrx_word' id='word_1_110' title='bbox 588 1857 664 1908; x_wconf 89' lang='lat' dir='ltr'>esse</span> <span class='ocrx_word' id='word_1_111' title='bbox 692 1835 766 1906; x_wconf 90' lang='lat' dir='ltr'>sine</span> <span class='ocrx_word' id='word_1_112' title='bbox 791 1834 965 1907; x_wconf 89' lang='lat' dir='ltr'>domicilio</span> <span class='ocrx_word' id='word_1_113' title='bbox 980 1859 1057 1909; x_wconf 88' lang='lat' dir='ltr'>esse</span> <span class='ocrx_word' id='word_1_114' title='bbox 1072 1857 1299 1930; x_wconf 85' lang='lat' dir='ltr'>quemquam,</span> <span class='ocrx_word' id='word_1_115' title='bbox 1319 1837 1454 1907; x_wconf 81' lang='lat' dir='ltr'>subdit:</span> 
     </span>
     <span class='ocr_line' id='line_1_15' title="bbox 185 1941 1455 2036; baseline 0.005 -29"><span class='ocrx_word' id='word_1_116' title='bbox 185 1953 305 2035; x_wconf 77' lang='lat' dir='ltr'>«puto</span> <span class='ocrx_word' id='word_1_117' title='bbox 332 1954 450 2016; x_wconf 91' lang='lat' dir='ltr'>autem</span> <span class='ocrx_word' id='word_1_118' title='bbox 475 1956 512 2016; x_wconf 91' lang='lat' dir='ltr'>et</span> <span class='ocrx_word' id='word_1_119' title='bbox 535 1945 601 2016; x_wconf 92' lang='lat' dir='ltr'>hoc</span> <span class='ocrx_word' id='word_1_120' title='bbox 624 1941 810 2036; x_wconf 87' lang='lat' dir='ltr'>procedere</span> <span class='ocrx_word' id='word_1_121' title='bbox 834 1964 953 2036; x_wconf 88' lang='lat' dir='ltr'>posse,</span> <span class='ocrx_word' id='word_1_122' title='bbox 980 1943 1008 2014; x_wconf 89' lang='lat' dir='ltr'>si</span> <span class='ocrx_word' id='word_1_123' title='bbox 1034 1943 1113 2035; x_wconf 89' lang='lat' dir='ltr'>quis</span> <span class='ocrx_word' id='word_1_124' title='bbox 1135 1942 1310 2014; x_wconf 91' lang='lat' dir='ltr'>domicilio</span> <span class='ocrx_word' id='word_1_125' title='bbox 1335 1943 1455 2016; x_wconf 89' lang='lat' dir='ltr'>relicto</span> 
     </span>
     <span class='ocr_line' id='line_1_16' title="bbox 185 2045 1457 2140; baseline 0.006 -29"><span class='ocrx_word' id='word_1_126' title='bbox 185 2073 208 2111; x_wconf 78' lang='grc' dir='ltr'>ι-</span> <span class='ocrx_word' id='word_1_127' title='bbox 220 2045 376 2140; x_wconf 77' lang='lat' dir='ltr'>navigct,</span> <span class='ocrx_word' id='word_1_128' title='bbox 391 2047 446 2120; x_wconf 84' lang='lat' dir='ltr'>vel</span> <span class='ocrx_word' id='word_1_129' title='bbox 464 2048 531 2120; x_wconf 88' lang='lat' dir='ltr'>iter</span> <span class='ocrx_word' id='word_1_130' title='bbox 546 2047 664 2130; x_wconf 89' lang='lat' dir='ltr'>iaciat,</span> <span class='ocrx_word' id='word_1_131' title='bbox 674 2069 844 2139; x_wconf 85' lang='lat' dir='ltr'>quaerens</span> <span class='ocrx_word' id='word_1_132' title='bbox 859 2069 929 2139; x_wconf 91' lang='lat' dir='ltr'>quo</span> <span class='ocrx_word' id='word_1_133' title='bbox 946 2069 983 2118; x_wconf 92' lang='lat' dir='ltr'>se</span> <span class='ocrx_word' id='word_1_134' title='bbox 1001 2049 1166 2128; x_wconf 81' lang='lat' dir='ltr'>conserat,</span> <span class='ocrx_word' id='word_1_135' title='bbox 1182 2059 1287 2140; x_wconf 91' lang='lat' dir='ltr'>atque</span> <span class='ocrx_word' id='word_1_136' title='bbox 1304 2048 1362 2118; x_wconf 92' lang='lat' dir='ltr'>ubi</span> <span class='ocrx_word' id='word_1_137' title='bbox 1380 2068 1457 2120; x_wconf 90' lang='lat' dir='ltr'>oon·</span> 
     </span>
     <span class='ocr_line' id='line_1_17' title="bbox 186 2150 1459 2247; baseline 0.005 -29"><span class='ocrx_word' id='word_1_138' title='bbox 186 2176 203 2218; x_wconf 88' lang='grc' dir='ltr'>ιι</span> <span class='ocrx_word' id='word_1_139' title='bbox 220 2150 340 2224; x_wconf 81' lang='lat' dir='ltr'>sistatr</span> <span class='ocrx_word' id='word_1_140' title='bbox 358 2174 439 2224; x_wconf 89' lang='lat' dir='ltr'>nam</span> <span class='ocrx_word' id='word_1_141' title='bbox 455 2153 548 2224; x_wconf 92' lang='lat' dir='ltr'>hunc</span> <span class='ocrx_word' id='word_1_142' title='bbox 564 2165 650 2247; x_wconf 93' lang='lat' dir='ltr'>puto</span> <span class='ocrx_word' id='word_1_143' title='bbox 666 2152 740 2223; x_wconf 89' lang='lat' dir='ltr'>sine</span> <span class='ocrx_word' id='word_1_144' title='bbox 756 2150 930 2222; x_wconf 90' lang='lat' dir='ltr'>domicilio</span> <span class='ocrx_word' id='word_1_145' title='bbox 954 2175 1030 2224; x_wconf 90' lang='lat' dir='ltr'>esse</span> <span class='ocrx_word' id='word_1_146' title='bbox 1042 2179 1058 2220; x_wconf 83' lang='lat' dir='ltr'>n</span> <span class='ocrx_word' id='word_1_147' title='bbox 1070 2154 1125 2224; x_wconf 90' lang='lat' dir='ltr'>oui</span> <span class='ocrx_word' id='word_1_148' title='bbox 1145 2152 1321 2224; x_wconf 91' lang='lat' dir='ltr'>doctrinae</span> <span class='ocrx_word' id='word_1_149' title='bbox 1338 2166 1459 2225; x_wconf 86' lang='lat' dir='ltr'>aucto·</span> 
     </span>
     <span class='ocr_line' id='line_1_18' title="bbox 183 2257 1457 2352; baseline 0.004 -28"><span class='ocrx_word' id='word_1_150' title='bbox 183 2278 240 2329; x_wconf 88' lang='lat' dir='ltr'>res</span> <span class='ocrx_word' id='word_1_151' title='bbox 273 2258 507 2330; x_wconf 88' lang='lat' dir='ltr'>communiter</span> <span class='ocrx_word' id='word_1_152' title='bbox 534 2259 769 2330; x_wconf 90' lang='lat' dir='ltr'>consentiunt.</span> <span class='ocrx_word' id='word_1_153' title='bbox 802 2257 907 2329; x_wconf 85' lang='lat' dir='ltr'>Porro</span> <span class='ocrx_word' id='word_1_154' title='bbox 935 2259 1206 2352; x_wconf 79' lang='lat' dir='ltr'>subiungebatur</span> <span class='ocrx_word' id='word_1_155' title='bbox 1234 2258 1316 2329; x_wconf 91' lang='lat' dir='ltr'>licet</span> <span class='ocrx_word' id='word_1_156' title='bbox 1344 2259 1457 2330; x_wconf 87' lang='lat' dir='ltr'>Titius</span> 
     </span>
     <span class='ocr_line' id='line_1_19' title="bbox 186 2361 1459 2446; baseline 0.004 -16"><span class='ocrx_word' id='word_1_157' title='bbox 186 2361 292 2434; x_wconf 82' lang='lat' dir='ltr'>variis</span> <span class='ocrx_word' id='word_1_158' title='bbox 324 2363 359 2432; x_wconf 93' lang='lat' dir='ltr'>in</span> <span class='ocrx_word' id='word_1_159' title='bbox 393 2361 478 2434; x_wconf 89' lang='lat' dir='ltr'>locis</span> <span class='ocrx_word' id='word_1_160' title='bbox 516 2384 613 2434; x_wconf 91' lang='lat' dir='ltr'>more</span> <span class='ocrx_word' id='word_1_161' title='bbox 648 2363 816 2434; x_wconf 89' lang='lat' dir='ltr'>nobilium</span> <span class='ocrx_word' id='word_1_162' title='bbox 845 2363 1057 2446; x_wconf 89' lang='lat' dir='ltr'>resedisset,</span> <span class='ocrx_word' id='word_1_163' title='bbox 1095 2387 1164 2436; x_wconf 92' lang='lat' dir='ltr'>non</span> <span class='ocrx_word' id='word_1_164' title='bbox 1197 2378 1311 2436; x_wconf 88' lang='lat' dir='ltr'>tamen</span> <span class='ocrx_word' id='word_1_165' title='bbox 1344 2366 1459 2437; x_wconf 86' lang='lat' dir='ltr'>verili-</span> 
     </span>
     <span class='ocr_line' id='line_1_20' title="bbox 184 2465 1456 2562; baseline 0.005 -24"><span class='ocrx_word' id='word_1_166' title='bbox 184 2466 254 2538; x_wconf 87' lang='lat' dir='ltr'>cari</span> <span class='ocrx_word' id='word_1_167' title='bbox 279 2465 390 2539; x_wconf 88' lang='lat' dir='ltr'>dictas</span> <span class='ocrx_word' id='word_1_168' title='bbox 421 2466 653 2548; x_wconf 90' lang='lat' dir='ltr'>conditiones,</span> <span class='ocrx_word' id='word_1_169' title='bbox 688 2467 821 2541; x_wconf 92' lang='lat' dir='ltr'>scilicet</span> <span class='ocrx_word' id='word_1_170' title='bbox 844 2481 881 2540; x_wconf 92' lang='lat' dir='ltr'>et</span> <span class='ocrx_word' id='word_1_171' title='bbox 904 2467 1081 2562; x_wconf 89' lang='lat' dir='ltr'>proprium</span> <span class='ocrx_word' id='word_1_172' title='bbox 1107 2470 1318 2542; x_wconf 90' lang='lat' dir='ltr'>domicilium</span> <span class='ocrx_word' id='word_1_173' title='bbox 1344 2472 1388 2542; x_wconf 89' lang='lat' dir='ltr'>ab</span> <span class='ocrx_word' id='word_1_174' title='bbox 1415 2496 1456 2544; x_wconf 93' lang='lat' dir='ltr'>co</span> 
     </span>
     <span class='ocr_line' id='line_1_21' title="bbox 183 2570 1453 2667; baseline 0.005 -27"><span class='ocrx_word' id='word_1_175' title='bbox 183 2570 385 2655; x_wconf 86' lang='lat' dir='ltr'>desertum,</span> <span class='ocrx_word' id='word_1_176' title='bbox 412 2583 448 2644; x_wconf 89' lang='lat' dir='ltr'>ct</span> <span class='ocrx_word' id='word_1_177' title='bbox 472 2592 601 2643; x_wconf 83' lang='lat' dir='ltr'>norum</span> <span class='ocrx_word' id='word_1_178' title='bbox 627 2594 694 2642; x_wconf 95' lang='lat' dir='ltr'>non</span> <span class='ocrx_word' id='word_1_179' title='bbox 719 2573 969 2654; x_wconf 87' lang='lat' dir='ltr'>constitutum,</span> <span class='ocrx_word' id='word_1_180' title='bbox 996 2573 1055 2642; x_wconf 90' lang='lat' dir='ltr'>sed</span> <span class='ocrx_word' id='word_1_181' title='bbox 1079 2575 1191 2647; x_wconf 89' lang='lat' dir='ltr'>adhuc</span> <span class='ocrx_word' id='word_1_182' title='bbox 1214 2572 1297 2644; x_wconf 91' lang='lat' dir='ltr'>iilud</span> <span class='ocrx_word' id='word_1_183' title='bbox 1321 2580 1453 2667; x_wconf 89' lang='lat' dir='ltr'>quaeri.</span> 
     </span>
     <span class='ocr_line' id='line_1_22' title="bbox 184 2671 1457 2763; baseline 0.005 -18"><span class='ocrx_word' id='word_1_184' title='bbox 184 2676 222 2745; x_wconf 95' lang='lat' dir='ltr'>ln</span> <span class='ocrx_word' id='word_1_185' title='bbox 247 2671 339 2747; x_wconf 87' lang='lat' dir='ltr'>iacto</span> <span class='ocrx_word' id='word_1_186' title='bbox 371 2679 464 2749; x_wconf 92' lang='lat' dir='ltr'>enim</span> <span class='ocrx_word' id='word_1_187' title='bbox 497 2675 710 2748; x_wconf 81' lang='lat' dir='ltr'>sufficienter</span> <span class='ocrx_word' id='word_1_188' title='bbox 741 2690 900 2749; x_wconf 86' lang='lat' dir='ltr'>constare</span> <span class='ocrx_word' id='word_1_189' title='bbox 933 2677 1141 2763; x_wconf 87' lang='lat' dir='ltr'>videbatur,</span> <span class='ocrx_word' id='word_1_190' title='bbox 1174 2678 1291 2750; x_wconf 85' lang='lat' dir='ltr'>saltem</span> <span class='ocrx_word' id='word_1_191' title='bbox 1324 2679 1457 2752; x_wconf 87' lang='lat' dir='ltr'>&#39;litium</span> 
     </span>
     <span class='ocr_line' id='line_1_23' title="bbox 185 2783 1458 2884; baseline 0.007 -31"><span class='ocrx_word' id='word_1_192' title='bbox 185 2783 524 2876; x_wconf 87' lang='lat' dir='ltr'>quasi-domicilium</span> <span class='ocrx_word' id='word_1_193' title='bbox 566 2785 728 2857; x_wconf 91' lang='lat' dir='ltr'>babuisse</span> <span class='ocrx_word' id='word_1_194' title='bbox 764 2798 844 2856; x_wconf 71' lang='lat' dir='ltr'>ante</span> <span class='ocrx_word' id='word_1_195' title='bbox 886 2788 1143 2859; x_wconf 88' lang='lat' dir='ltr'>matrimonium</span> <span class='ocrx_word' id='word_1_196' title='bbox 1185 2789 1276 2884; x_wconf 89' lang='lat' dir='ltr'>apud</span> <span class='ocrx_word' id='word_1_197' title='bbox 1314 2789 1458 2864; x_wconf 82' lang='lat' dir='ltr'>fratrem</span> 
     </span>
     <span class='ocr_line' id='line_1_24' title="bbox 185 2909 301 2958; baseline -0.017 0"><span class='ocrx_word' id='word_1_198' title='bbox 185 2909 301 2958; x_wconf 82' lang='lat' dir='ltr'>suum.</span> 
     </span>
    </p>

    <p class='ocr_par' dir='ltr' id='par_1_4' title="bbox 183 2991 1460 3826">
     <span class='ocr_line' id='line_1_25' title="bbox 253 2991 1459 3092; baseline 0.005 -29"><span class='ocrx_word' id='word_1_199' title='bbox 253 2991 377 3066; x_wconf 88' lang='lat' dir='ltr'>Relate</span> <span class='ocrx_word' id='word_1_200' title='bbox 402 3015 484 3065; x_wconf 84' lang='lat' dir='ltr'>vero</span> <span class='ocrx_word' id='word_1_201' title='bbox 508 2995 550 3065; x_wconf 85' lang='lat' dir='ltr'>ed</span> <span class='ocrx_word' id='word_1_202' title='bbox 576 2995 843 3089; x_wconf 89' lang='lat' dir='ltr'>adscriptionem</span> <span class='ocrx_word' id='word_1_203' title='bbox 870 2997 904 3066; x_wconf 95' lang='lat' dir='ltr'>in</span> <span class='ocrx_word' id='word_1_204' title='bbox 929 2997 1007 3070; x_wconf 92' lang='lat' dir='ltr'>albo</span> <span class='ocrx_word' id='word_1_205' title='bbox 1032 2998 1280 3092; x_wconf 90' lang='lat' dir='ltr'>oppidanorum</span> <span class='ocrx_word' id='word_1_206' title='bbox 1298 3000 1459 3072; x_wconf 90' lang='lat' dir='ltr'>observa-</span> 
     </span>
     <span class='ocr_line' id='line_1_26' title="bbox 183 3098 1458 3198; baseline 0.002 -29"><span class='ocrx_word' id='word_1_207' title='bbox 183 3098 307 3181; x_wconf 88' lang='lat' dir='ltr'>batur,</span> <span class='ocrx_word' id='word_1_208' title='bbox 333 3101 441 3193; x_wconf 91' lang='lat' dir='ltr'>quod,</span> <span class='ocrx_word' id='word_1_209' title='bbox 467 3103 625 3194; x_wconf 90' lang='lat' dir='ltr'>quamvis</span> <span class='ocrx_word' id='word_1_210' title='bbox 648 3104 733 3174; x_wconf 88' lang='lat' dir='ltr'>hacc</span> <span class='ocrx_word' id='word_1_211' title='bbox 757 3103 943 3196; x_wconf 89' lang='lat' dir='ltr'>adscriptio</span> <span class='ocrx_word' id='word_1_212' title='bbox 961 3104 1052 3176; x_wconf 87' lang='lat' dir='ltr'>iacta</span> <span class='ocrx_word' id='word_1_213' title='bbox 1069 3105 1201 3188; x_wconf 85' lang='lat' dir='ltr'>luisset,</span> <span class='ocrx_word' id='word_1_214' title='bbox 1222 3105 1289 3197; x_wconf 78' lang='lat' dir='ltr'>(de</span> <span class='ocrx_word' id='word_1_215' title='bbox 1306 3128 1372 3198; x_wconf 86' lang='lat' dir='ltr'>qua</span> <span class='ocrx_word' id='word_1_216' title='bbox 1388 3126 1458 3173; x_wconf 90' lang='lat' dir='ltr'>non</span> 
     </span>
     <span class='ocr_line' id='line_1_27' title="bbox 184 3205 1459 3304; baseline 0.003 -28"><span class='ocrx_word' id='word_1_217' title='bbox 184 3205 269 3277; x_wconf 89' lang='lat' dir='ltr'>satis</span> <span class='ocrx_word' id='word_1_218' title='bbox 294 3207 329 3277; x_wconf 92' lang='lat' dir='ltr'>in</span> <span class='ocrx_word' id='word_1_219' title='bbox 354 3207 446 3280; x_wconf 90' lang='lat' dir='ltr'>sacto</span> <span class='ocrx_word' id='word_1_220' title='bbox 470 3209 673 3303; x_wconf 87' lang='lat' dir='ltr'>constabat)</span> <span class='ocrx_word' id='word_1_221' title='bbox 700 3233 739 3281; x_wconf 89' lang='lat' dir='ltr'>ea</span> <span class='ocrx_word' id='word_1_222' title='bbox 769 3208 841 3282; x_wconf 91' lang='lat' dir='ltr'>sola</span> <span class='ocrx_word' id='word_1_223' title='bbox 865 3233 908 3282; x_wconf 85' lang='lat' dir='ltr'>ex</span> <span class='ocrx_word' id='word_1_224' title='bbox 933 3233 1008 3283; x_wconf 89' lang='lat' dir='ltr'>sese</span> <span class='ocrx_word' id='word_1_225' title='bbox 1041 3233 1215 3304; x_wconf 85' lang='lat' dir='ltr'>nunquam</span> <span class='ocrx_word' id='word_1_226' title='bbox 1248 3213 1459 3284; x_wconf 90' lang='lat' dir='ltr'>constituere</span> 
     </span>
     <span class='ocr_line' id='line_1_28' title="bbox 185 3311 1458 3411; baseline 0.002 -29"><span class='ocrx_word' id='word_1_227' title='bbox 185 3311 358 3402; x_wconf 88' lang='lat' dir='ltr'>potuisset</span> <span class='ocrx_word' id='word_1_228' title='bbox 375 3313 458 3384; x_wconf 92' lang='lat' dir='ltr'>illud</span> <span class='ocrx_word' id='word_1_229' title='bbox 472 3313 799 3408; x_wconf 91' lang='lat' dir='ltr'>domicilium,quod</span> <span class='ocrx_word' id='word_1_230' title='bbox 815 3341 834 3388; x_wconf 90' lang='lat' dir='ltr'>a</span> <span class='ocrx_word' id='word_1_231' title='bbox 853 3317 927 3389; x_wconf 91' lang='lat' dir='ltr'>iure</span> <span class='ocrx_word' id='word_1_232' title='bbox 944 3319 1109 3388; x_wconf 90' lang='lat' dir='ltr'>canonico</span> <span class='ocrx_word' id='word_1_233' title='bbox 1126 3329 1178 3390; x_wconf 86' lang='lat' dir='ltr'>est</span> <span class='ocrx_word' id='word_1_234' title='bbox 1193 3319 1458 3411; x_wconf 88' lang='lat' dir='ltr'>praescriptum,</span> 
     </span>
     <span class='ocr_line' id='line_1_29' title="bbox 184 3414 1459 3512; baseline 0.002 -26"><span class='ocrx_word' id='word_1_235' title='bbox 184 3414 228 3486; x_wconf 88' lang='lat' dir='ltr'>ad</span> <span class='ocrx_word' id='word_1_236' title='bbox 253 3415 321 3488; x_wconf 90' lang='lat' dir='ltr'>rite</span> <span class='ocrx_word' id='word_1_237' title='bbox 346 3419 604 3488; x_wconf 90' lang='lat' dir='ltr'>matrimonium</span> <span class='ocrx_word' id='word_1_238' title='bbox 629 3419 914 3492; x_wconf 89' lang='lat' dir='ltr'>contrahendum.</span> <span class='ocrx_word' id='word_1_239' title='bbox 941 3418 1113 3512; x_wconf 83' lang='lat' dir='ltr'>Quidquid</span> <span class='ocrx_word' id='word_1_240' title='bbox 1138 3433 1255 3492; x_wconf 91' lang='lat' dir='ltr'>autem</span> <span class='ocrx_word' id='word_1_241' title='bbox 1287 3420 1381 3512; x_wconf 82' lang='lat' dir='ltr'>leges</span> <span class='ocrx_word' id='word_1_242' title='bbox 1412 3421 1459 3491; x_wconf 89' lang='lat' dir='ltr'>oi·</span> 
     </span>
     <span class='ocr_line' id='line_1_30' title="bbox 184 3519 1458 3615; baseline 0.004 -26"><span class='ocrx_word' id='word_1_243' title='bbox 184 3519 273 3590; x_wconf 86' lang='lat' dir='ltr'>viles</span> <span class='ocrx_word' id='word_1_244' title='bbox 298 3523 484 3592; x_wconf 85' lang='lat' dir='ltr'>statuerint</span> <span class='ocrx_word' id='word_1_245' title='bbox 508 3523 598 3594; x_wconf 88' lang='lat' dir='ltr'>circa</span> <span class='ocrx_word' id='word_1_246' title='bbox 623 3521 774 3594; x_wconf 88' lang='lat' dir='ltr'>valorem</span> <span class='ocrx_word' id='word_1_247' title='bbox 805 3523 908 3594; x_wconf 89' lang='lat' dir='ltr'>buius</span> <span class='ocrx_word' id='word_1_248' title='bbox 941 3523 1182 3615; x_wconf 86' lang='lat' dir='ltr'>adscriptionis</span> <span class='ocrx_word' id='word_1_249' title='bbox 1206 3524 1240 3594; x_wconf 90' lang='lat' dir='ltr'>in</span> <span class='ocrx_word' id='word_1_250' title='bbox 1265 3524 1384 3596; x_wconf 89' lang='lat' dir='ltr'>ordine</span> <span class='ocrx_word' id='word_1_251' title='bbox 1417 3524 1458 3595; x_wconf 90' lang='lat' dir='ltr'>ad</span> 
     </span>
     <span class='ocr_line' id='line_1_31' title="bbox 186 3625 1460 3720; baseline 0.002 -26"><span class='ocrx_word' id='word_1_252' title='bbox 186 3625 458 3696; x_wconf 90' lang='lat' dir='ltr'>contrabendum</span> <span class='ocrx_word' id='word_1_253' title='bbox 484 3627 701 3719; x_wconf 80' lang='lat' dir='ltr'>coniugium,</span> <span class='ocrx_word' id='word_1_254' title='bbox 720 3627 888 3699; x_wconf 91' lang='lat' dir='ltr'>eiusmodi</span> <span class='ocrx_word' id='word_1_255' title='bbox 909 3627 1001 3720; x_wconf 81' lang='lat' dir='ltr'>leges</span> <span class='ocrx_word' id='word_1_256' title='bbox 1018 3628 1181 3719; x_wconf 78' lang='lat' dir='ltr'>derogare</span> <span class='ocrx_word' id='word_1_257' title='bbox 1206 3651 1273 3699; x_wconf 92' lang='lat' dir='ltr'>non</span> <span class='ocrx_word' id='word_1_258' title='bbox 1298 3639 1460 3719; x_wconf 89' lang='lat' dir='ltr'>poterant</span> 
     </span>
     <span class='ocr_line' id='line_1_32' title="bbox 187 3730 1385 3826; baseline 0.001 -27"><span class='ocrx_word' id='word_1_259' title='bbox 187 3730 277 3813; x_wconf 91' lang='lat' dir='ltr'>illis,</span> <span class='ocrx_word' id='word_1_260' title='bbox 304 3752 390 3823; x_wconf 88' lang='lat' dir='ltr'>quas</span> <span class='ocrx_word' id='word_1_261' title='bbox 414 3731 569 3804; x_wconf 87' lang='lat' dir='ltr'>Ecclesia</span> <span class='ocrx_word' id='word_1_262' title='bbox 594 3732 659 3803; x_wconf 91' lang='lat' dir='ltr'>sub</span> <span class='ocrx_word' id='word_1_263' title='bbox 684 3733 855 3804; x_wconf 87' lang='lat' dir='ltr'>nullitatis</span> <span class='ocrx_word' id='word_1_264' title='bbox 879 3755 988 3826; x_wconf 87' lang='lat' dir='ltr'>poena</span> <span class='ocrx_word' id='word_1_265' title='bbox 1013 3734 1120 3824; x_wconf 76' lang='lat' dir='ltr'>exigit</span> <span class='ocrx_word' id='word_1_266' title='bbox 1144 3733 1385 3805; x_wconf 83' lang='lat' dir='ltr'>observandas.</span> 
     </span>
    </p>

    <p class='ocr_par' dir='ltr' id='par_1_5' title="bbox 184 3835 1466 4564">
     <span class='ocr_line' id='line_1_33' title="bbox 258 3835 1462 3931; baseline 0.004 -26"><span class='ocrx_word' id='word_1_267' title='bbox 258 3835 387 3907; x_wconf 81' lang='lat' dir='ltr'>Validis</span> <span class='ocrx_word' id='word_1_268' title='bbox 410 3838 553 3930; x_wconf 88' lang='lat' dir='ltr'>insuper</span> <span class='ocrx_word' id='word_1_269' title='bbox 576 3840 785 3911; x_wconf 90' lang='lat' dir='ltr'>coniecturis</span> <span class='ocrx_word' id='word_1_270' title='bbox 814 3838 919 3910; x_wconf 92' lang='lat' dir='ltr'>dubio</span> <span class='ocrx_word' id='word_1_271' title='bbox 944 3840 1108 3920; x_wconf 90' lang='lat' dir='ltr'>disiecto,</span> <span class='ocrx_word' id='word_1_272' title='bbox 1134 3840 1224 3931; x_wconf 89' lang='lat' dir='ltr'>quod</span> <span class='ocrx_word' id='word_1_273' title='bbox 1249 3863 1289 3910; x_wconf 85' lang='lat' dir='ltr'>ex</span> <span class='ocrx_word' id='word_1_274' title='bbox 1317 3839 1462 3910; x_wconf 83' lang='lat' dir='ltr'>adverso</span> 
     </span>
     <span class='ocr_line' id='line_1_34' title="bbox 188 3941 1461 4036; baseline 0 -25"><span class='ocrx_word' id='word_1_275' title='bbox 188 3941 306 4022; x_wconf 84' lang='lat' dir='ltr'>fiebat,</span> <span class='ocrx_word' id='word_1_276' title='bbox 324 3943 415 4013; x_wconf 90' lang='lat' dir='ltr'>cirea</span> <span class='ocrx_word' id='word_1_277' title='bbox 433 3943 701 4036; x_wconf 87' lang='lat' dir='ltr'>publicationem</span> <span class='ocrx_word' id='word_1_278' title='bbox 728 3945 920 4016; x_wconf 90' lang='lat' dir='ltr'>Tridentini</span> <span class='ocrx_word' id='word_1_279' title='bbox 937 3943 1101 4026; x_wconf 90' lang='lat' dir='ltr'>Concilii,</span> <span class='ocrx_word' id='word_1_280' title='bbox 1124 3943 1461 4016; x_wconf 83' lang='lat' dir='ltr'>animadvertebatur</span> 
     </span>
     <span class='ocr_line' id='line_1_35' title="bbox 187 4048 1462 4141; baseline 0.002 -25"><span class='ocrx_word' id='word_1_281' title='bbox 187 4049 356 4139; x_wconf 86' lang='lat' dir='ltr'>insuper,</span> <span class='ocrx_word' id='word_1_282' title='bbox 383 4049 519 4118; x_wconf 89' lang='lat' dir='ltr'>etiamsi</span> <span class='ocrx_word' id='word_1_283' title='bbox 548 4072 616 4120; x_wconf 92' lang='lat' dir='ltr'>non</span> <span class='ocrx_word' id='word_1_284' title='bbox 645 4060 819 4130; x_wconf 88' lang='lat' dir='ltr'>constaret</span> <span class='ocrx_word' id='word_1_285' title='bbox 847 4050 889 4119; x_wconf 92' lang='lat' dir='ltr'>de</span> <span class='ocrx_word' id='word_1_286' title='bbox 917 4050 981 4120; x_wconf 90' lang='lat' dir='ltr'>hac</span> <span class='ocrx_word' id='word_1_287' title='bbox 1009 4048 1243 4140; x_wconf 85' lang='lat' dir='ltr'>publicatione</span> <span class='ocrx_word' id='word_1_288' title='bbox 1272 4050 1305 4118; x_wconf 93' lang='lat' dir='ltr'>in</span> <span class='ocrx_word' id='word_1_289' title='bbox 1333 4049 1462 4141; x_wconf 91' lang='lat' dir='ltr'>oppido</span> 
     </span>
     <span class='ocr_line' id='line_1_36' title="bbox 185 4153 1460 4234; baseline 0 -12"><span class='ocrx_word' id='word_1_290' title='bbox 185 4154 329 4234; x_wconf 87' lang='lat' dir='ltr'>indicta,</span> <span class='ocrx_word' id='word_1_291' title='bbox 345 4176 424 4224; x_wconf 90' lang='lat' dir='ltr'>cum</span> <span class='ocrx_word' id='word_1_292' title='bbox 438 4167 552 4227; x_wconf 86' lang='lat' dir='ltr'>tamen</span> <span class='ocrx_word' id='word_1_293' title='bbox 570 4167 769 4226; x_wconf 89' lang='lat' dir='ltr'>constanter</span> <span class='ocrx_word' id='word_1_294' title='bbox 782 4157 847 4226; x_wconf 93' lang='lat' dir='ltr'>hoc</span> <span class='ocrx_word' id='word_1_295' title='bbox 863 4156 1048 4226; x_wconf 85' lang='lat' dir='ltr'>Decretum</span> <span class='ocrx_word' id='word_1_296' title='bbox 1065 4155 1285 4227; x_wconf 87' lang='lat' dir='ltr'>observatum</span> <span class='ocrx_word' id='word_1_297' title='bbox 1304 4153 1350 4223; x_wconf 93' lang='lat' dir='ltr'>ibi</span> <span class='ocrx_word' id='word_1_298' title='bbox 1369 4166 1460 4224; x_wconf 89' lang='lat' dir='ltr'>esset</span> 
     </span>
     <span class='ocr_line' id='line_1_37' title="bbox 189 4255 1463 4351; baseline 0 -25"><span class='ocrx_word' id='word_1_299' title='bbox 189 4268 230 4326; x_wconf 91' lang='lat' dir='ltr'>ut</span> <span class='ocrx_word' id='word_1_300' title='bbox 254 4255 399 4329; x_wconf 89' lang='lat' dir='ltr'>Concilii</span> <span class='ocrx_word' id='word_1_301' title='bbox 426 4259 619 4330; x_wconf 86' lang='lat' dir='ltr'>Tridentini</span> <span class='ocrx_word' id='word_1_302' title='bbox 637 4259 843 4341; x_wconf 89' lang='lat' dir='ltr'>Decretum,</span> <span class='ocrx_word' id='word_1_303' title='bbox 873 4260 1045 4350; x_wconf 90' lang='lat' dir='ltr'>praesumi</span> <span class='ocrx_word' id='word_1_304' title='bbox 1076 4258 1343 4351; x_wconf 88' lang='lat' dir='ltr'>publicationem</span> <span class='ocrx_word' id='word_1_305' title='bbox 1372 4259 1463 4327; x_wconf 89' lang='lat' dir='ltr'>banc</span> 
     </span>
     <span class='ocr_line' id='line_1_38' title="bbox 184 4362 1463 4460; baseline 0.001 -28"><span class='ocrx_word' id='word_1_306' title='bbox 184 4362 357 4434; x_wconf 90' lang='lat' dir='ltr'>debuisse.</span> <span class='ocrx_word' id='word_1_307' title='bbox 383 4363 486 4434; x_wconf 83' lang='lat' dir='ltr'>lustr.</span> <span class='ocrx_word' id='word_1_308' title='bbox 502 4364 560 4434; x_wconf 83' lang='lat' dir='ltr'>Pii</span> <span class='ocrx_word' id='word_1_309' title='bbox 581 4363 636 4435; x_wconf 88' lang='lat' dir='ltr'>Vl.</span> <span class='ocrx_word' id='word_1_310' title='bbox 651 4365 697 4435; x_wconf 89' lang='lat' dir='ltr'>od</span> <span class='ocrx_word' id='word_1_311' title='bbox 713 4365 824 4460; x_wconf 81' lang='lat' dir='ltr'>Epiro.</span> <span class='ocrx_word' id='word_1_312' title='bbox 843 4365 1006 4436; x_wconf 82' lang='lat' dir='ltr'>buciaco.</span> <span class='ocrx_word' id='word_1_313' title='bbox 1033 4368 1076 4434; x_wconf 75' lang='lat'>28</span> <span class='ocrx_word' id='word_1_314' title='bbox 1099 4363 1182 4434; x_wconf 85' lang='lat' dir='ltr'>Maii</span> <span class='ocrx_word' id='word_1_315' title='bbox 1207 4367 1307 4434; x_wconf 77' lang='lat'><strong>¹793.</strong></span> <span class='ocrx_word' id='word_1_316' title='bbox 1335 4363 1371 4432; x_wconf 93' lang='lat' dir='ltr'>ln</span> <span class='ocrx_word' id='word_1_317' title='bbox 1396 4365 1463 4433; x_wconf 89' lang='lat' dir='ltr'>bac</span> 
     </span>
     <span class='ocr_line' id='line_1_39' title="bbox 184 4468 1466 4564; baseline -0.001 -25"><span class='ocrx_word' id='word_1_318' title='bbox 184 4468 277 4539; x_wconf 86' lang='lat' dir='ltr'>enim</span> <span class='ocrx_word' id='word_1_319' title='bbox 303 4468 431 4562; x_wconf 83' lang='lat' dir='ltr'>legitur</span> <span class='ocrx_word' id='word_1_320' title='bbox 457 4470 759 4564; x_wconf 78' lang='lat' dir='ltr'>«publicationem</span> <span class='ocrx_word' id='word_1_321' title='bbox 784 4472 956 4564; x_wconf 87' lang='lat' dir='ltr'>praesumi</span> <span class='ocrx_word' id='word_1_322' title='bbox 982 4471 1040 4540; x_wconf 91' lang='lat' dir='ltr'>uhi</span> <span class='ocrx_word' id='word_1_323' title='bbox 1066 4471 1252 4543; x_wconf 89' lang='lat' dir='ltr'>Decretum</span> <span class='ocrx_word' id='word_1_324' title='bbox 1278 4470 1382 4542; x_wconf 86' lang='lat' dir='ltr'>luerit</span> <span class='ocrx_word' id='word_1_325' title='bbox 1399 4469 1466 4541; x_wconf 89' lang='lat' dir='ltr'>ali·</span> 
     </span>
    </p>
   </div>
   <div class='ocr_carea' id='block_1_3' title="bbox 0 0 1649 5008">
    <p class='ocr_par' dir='ltr' id='par_1_6' title="bbox 0 0 1649 5008">
     <span class='ocr_line' id='line_1_40' title="bbox 0 0 1649 5008; baseline 0 0"><span class='ocrx_word' id='word_1_326' title='bbox 0 0 1649 5008; x_wconf 95' lang='lat' dir='ltr'> </span> 
     </span>
    </p>
   </div>
  </div>
 </body>
</html>
