3282 5008
223 361 288 428 tot
551 389 758 439 tarnatensis
784 393 822 440 er
849 390 1163 440 nentarccatrtoats.

217 489 340 564 teutiei
376 491 610 577 validitatem,
648 495 796 566 alterum
832 509 928 567 ratae
964 495 1133 566 commodi
1167 489 1490 584 redintegrationem

217 599 360 691 respicit

289 707 448 778 Defensio
474 729 609 776 entscort
627 729 717 776 ctact
737 729 850 776 naraon
868 729 996 776 nentur.
1017 706 1067 776 Ad
1085 701 1344 798 primumquod
1364 702 1489 773 attinet

215 837 319 885 nemo
344 815 476 895 nescit,
496 824 695 883 contractus
720 814 997 906 emphyteutieos
1021 812 1085 882 snb
1110 809 1326 882 alienationis
1350 808 1488 879 nomine

213 921 356 1002 venire,
383 921 557 1010 adeoque,
576 919 663 990 side
682 919 785 990 rebus
809 920 1051 992 ecclesiasticis
1076 931 1218 1010 agatur,
1236 937 1401 986 censurae
1423 913 1488 982 tte-

212 1040 330 1096 treeo:
349 1026 550 1096 Ambitiosoe
567 1048 642 1096 esse
658 1026 798 1117 penitus
822 1027 1002 1098 obnoxios.
1023 1026 1069 1096 Ut
1086 1025 1194 1116 igitur
1211 1021 1383 1092 Ecclesiae
1399 1020 1487 1090 bona

210 1129 247 1198 in
274 1132 530 1223 emphyteusim
556 1131 698 1200 concedi
724 1143 873 1222 queant,
898 1155 1039 1204 neeesse
1064 1143 1138 1210 est,
1166 1139 1205 1197 ut
1228 1125 1486 1217 heneplacitum

210 1237 450 1327 Apostolicnm
465 1235 674 1314 intercedat,
693 1236 784 1327 quod
802 1237 1034 1310 communiter
1046 1241 1171 1310 docent
1188 1237 1365 1316 Doctores,
1378 1234 1488 1306 deela-

210 1341 361 1414 rationes
386 1341 446 1412 SS.
478 1341 812 1436 Congregationum,
845 1357 880 1416 et
913 1345 1109 1436 quotidiana
1136 1341 1316 1413 confirmat
1338 1340 1485 1432 praxis:

208 1447 365 1536 quotidie
401 1448 572 1539 siquidem
613 1450 809 1522 huiusmodi
853 1450 1069 1542 beneplacita
1102 1473 1121 1519 a
1156 1447 1217 1518 SS.
1244 1444 1487 1536 Congregatio-

211 1550 314 1621 nibus
343 1552 586 1644 impetrantur.
623 1555 778 1628 lamvero
808 1556 942 1627 nullum
973 1555 1169 1626 omnimode
1202 1561 1484 1632 monumentum,

211 1655 346 1725 nullum
371 1657 512 1728 extabat
537 1659 722 1751 vestigium
741 1683 782 1732 er
800 1683 870 1752 quo
892 1660 1018 1731 nedum
1044 1659 1197 1739 ostendi,
1222 1657 1280 1728 sed
1303 1679 1367 1727 nec
1384 1667 1420 1726 et
1436 1656 1486 1724 in·

207 1761 348 1853 digitari
373 1776 530 1853 poterat,
550 1765 585 1833 in
602 1766 861 1858 emphyteutica
886 1762 1106 1835 concessione
1124 1762 1290 1832 Damiano
1306 1761 1410 1840 laeta,
1429 1783 1488 1830 ne-

206 1868 393 1939 cessariam
426 1869 513 1938 hane
548 1872 762 1942 concurrisse
798 1870 1068 1941 solemnitatem.
1093 1867 1182 1954 Quin
1214 1867 1282 1936 imo
1306 1867 1342 1936 in
1367 1866 1486 1936 notula

206 1973 365 2042 omnium
399 1974 667 2066 rescriptorum,
698 1998 786 2067 quae
811 1977 846 2044 in
871 1971 1082 2044 Cancelleria
1114 1971 1335 2053 adservatur,
1370 1970 1484 2051 istud,

205 2077 343 2168 quode
368 2079 522 2169 agimus,
549 2101 612 2151 nec
636 2081 874 2172 reperiebatur
900 2101 962 2150 nec
987 2077 1208 2148 innuebatur.

280 2182 410 2256 Deinde
436 2185 670 2256 indubitatum
695 2200 764 2265 est,
791 2185 881 2278 quod
907 2185 949 2254 ad
974 2183 1203 2254 substantiam
1230 2183 1483 2275 emphyteusis,

205 2289 387 2383 Scriptura
412 2292 605 2364 necessaria
630 2293 676 2362 sit
701 2317 744 2364 ex
771 2293 810 2363 t.
839 2295 852 2359 1
885 2290 966 2364 Cod.
994 2290 1044 2360 lle
1068 2291 1136 2358 iar.
1162 2288 1290 2382 empb.,
1313 2299 1349 2360 et
1372 2287 1485 2358 multo

208 2396 317 2486 rttagis
335 2396 362 2466 si
381 2397 423 2467 de
443 2396 671 2489 Emphyteusi
689 2397 922 2470 ecclesiastiea
946 2418 1059 2466 sermo
1080 2395 1126 2464 sit
1146 2392 1190 2462 od
1206 2390 1311 2463 Novel
1328 2397 1346 2462 7
1365 2393 1402 2461 ia
1421 2393 1481 2484 fin.

206 2500 317 2595 praef.
336 2516 367 2571 et
383 2501 467 2572 Noa.
489 2506 534 2571 20
554 2501 635 2598 Cap.
657 2509 675 2574 t
696 2519 728 2575 et
747 2501 829 2598 Cap.
851 2507 882 2573 6.
903 2503 933 2593 S.
955 2506 1004 2585 ἲς
1022 2501 1112 2593 quod
1130 2501 1319 2570 universim
1340 2499 1484 2569 tradunt

208 2606 293 2676 iuris
306 2608 485 2700 utriusque
503 2608 669 2680 Doctores
682 2610 771 2702 apud
786 2609 939 2682 Ferraris
956 2607 985 2677 l'
987 2662 993 2674 .
1006 2607 1241 2701 Empbpteasis
1253 2608 1327 2674 Art.
1340 2607 1353 2672 1
1376 2628 1411 2673 n.
1429 2607 1481 2674 13.

207 2713 254 2780 At
271 2734 372 2794 vero,
392 2711 473 2784 licet
490 2714 732 2806 inquisitiones
747 2717 860 2787 omnis
876 2716 1011 2806 generis
1036 2713 1212 2805 neglectae
1238 2711 1381 2782 minime
1400 2710 1485 2780 luis·

204 2827 305 2899 sent,
332 2841 408 2887 eam
441 2819 666 2891 nihilominus
698 2821 849 2914 reperire
874 2821 994 2890 datum
1019 2840 1236 2911 nequaquam
1270 2815 1395 2899 suerat,
1423 2817 1482 2885 sed

205 2936 363 2992 econtra
388 2926 582 3008 constabat,
605 2943 681 2996 corn
708 2945 750 2992 ex
772 2926 909 3019 publica
934 2924 1044 3006 sarna,
1073 2938 1147 2994 tum
1165 2923 1382 3016 expluribus
1406 2921 1484 2992 aliis

205 3027 396 3120 exemplis,
415 3032 506 3122 quod
531 3031 693 3104 Notarius
717 3032 877 3123 idemque
902 3029 1137 3102 Cancellarius
1163 3028 1365 3121 episcopalis
1391 3027 1483 3098 illius

207 3134 394 3224 temporis,
421 3158 489 3228 quo
514 3139 750 3232 emphyteusis
768 3139 852 3208 inita
871 3149 936 3219 est,
955 3147 1051 3207 tanta
1077 3136 1304 3229 negligentiae
1328 3135 1483 3206 socordia

206 3239 410 3322 tenebatur,
439 3254 477 3311 ut
503 3243 638 3334 publica
664 3244 896 3314 instrumenta
923 3255 1086 3333 tanquam
1119 3241 1275 3311 conlecta
1300 3253 1335 3312 et
1359 3262 1483 3310 oonsu-

205 3357 298 3442 mpta
324 3346 523 3429 adnotaret,
550 3371 638 3440 quae
663 3370 839 3441 nunquam
865 3371 928 3420 nec
945 3371 986 3419 eo
1004 3360 1174 3440 tempore,
1193 3369 1256 3418 nee
1273 3359 1412 3439 postero
1430 3370 1483 3417 re·

205 3473 285 3522 rera
310 3451 406 3522 iuxta
432 3453 516 3545 legis
541 3455 791 3546 praescriptum
817 3455 1011 3546 conscripta
1037 3453 1195 3526 luissent.

275 3556 431 3650 Denique
451 3581 633 3652 perperam
650 3559 691 3629 ad
710 3560 1026 3650 praesumptionem
1044 3559 1129 3628 iuris
1146 3557 1342 3647 coniugium
1361 3555 1479 3629 haberi

204 3662 395 3751 potuisset,
422 3665 562 3755 perinde
580 3687 619 3734 ac
637 3677 672 3735 et
688 3663 968 3756 beneplacitum,
987 3678 1022 3736 et
1043 3663 1219 3755 Scriptura
1245 3663 1480 3732 intercessisse

204 3768 394 3858 reputanda
420 3768 553 3850 lorent,
572 3768 680 3838 donec
705 3767 805 3840 aliter
829 3792 897 3840 non
923 3770 1145 3862 probaretur:
1165 3768 1293 3839 Omnes
1314 3767 1406 3836 enim
1424 3765 1479 3838 vel

203 3871 494 3963 iorisprudentiae
522 3875 652 3944 tirones
680 3873 769 3943 haud
797 3875 981 3956 nesciunt,
1013 3874 1330 3967 praesumptionem
1359 3893 1480 3962 quam·

204 3975 288 4047 libet
315 3979 451 4048 veritati
477 3980 599 4050 cedere
609 4002 620 4062 3
646 3991 681 4049 at
706 3980 834 4050 veritas
858 3994 954 4063 eret,
980 3994 1020 4052 ut
1045 4005 1086 4054 ex
1113 3979 1311 4073 praemissis
1334 3977 1481 4047 manile-

201 4092 297 4151 stum
322 4095 395 4165 est,
422 4087 512 4175 quod
539 4100 660 4156 neutra
685 4109 727 4159 ex
752 4086 885 4156 duabus
909 4085 978 4156 illis
1001 4086 1280 4159 solemnitatibus
1304 4097 1421 4154 nostro
1443 4083 1478 4152 in

201 4209 284 4258 casu
309 4189 423 4260 locum
450 4191 639 4262 habuisset.

273 4293 431 4366 Defensio
457 4320 591 4366 ertscort
618 4321 708 4366 canes
734 4319 894 4367 secuaoun
914 4295 1202 4366 nuatum-Facto
1226 4295 1304 4366 dein
1331 4293 1480 4363 transitu

200 4398 243 4469 ad
268 4400 361 4472 aliud
392 4404 647 4475 controversiae
674 4418 799 4495 caput,
818 4404 909 4495 quod
928 4402 1148 4494 vectigalium
1174 4401 1326 4473 indebite
1351 4399 1482 4472 soluto·
