3282 5008
211 371 274 432 iaz

207 493 298 555 -voti
320 491 401 556 titius
424 495 581 572 llattbael,
594 503 625 559 et
637 499 813 576 blagdaleua

205 621 220 645 ο
236 593 296 656 tilia
309 613 363 675 qn.
374 598 551 676 lo:Sciroli,
565 600 657 662 arnbo
670 601 708 664 de
720 605 812 665 Paro-

205 723 219 748 ·
235 696 302 759 abia
326 701 454 778 Baraxii,
471 700 509 762 ad
534 703 662 764 inricern
682 706 811 768 coniun-

205 827 219 850 ·
233 801 273 861 ati
288 800 403 881 duplici
416 809 526 881 quarto
541 806 811 884 consanguinitatis

207 903 342 978 ·gradu,
367 907 570 966 contraxerint
591 908 744 986 sponsalia
771 909 809 970 de

203 1030 218 1054 ·
233 1004 338 1066 luturo
363 1023 464 1068 corant
487 1006 632 1086 testibus,
649 1014 679 1069 et
701 1027 808 1070 eorum

203 1133 217 1156 ·
234 1109 436 1186 propinquis,
461 1109 635 1186 parentibus
649 1116 679 1170 et
691 1112 807 1187 amicis,

202 1235 217 1262 ο
233 1227 266 1270 ea
280 1209 337 1272 sub
351 1209 545 1288 conditione,
569 1210 653 1290 quod
676 1213 808 1274 Vincen-

204 1339 217 1362 ·
231 1313 293 1373 tius
309 1330 439 1392 sponsus
467 1313 664 1392 apostolieum
678 1314 808 1394 ¹dispen-

201 1441 215 1464 ·
232 1415 377 1475 sationem
402 1434 493 1494 super
517 1415 566 1477 tali
590 1415 807 1494 impedimento

201 1541 215 1566 ο
232 1514 370 1576 obtinere
386 1516 558 1592 debuisset3
578 1516 725 1596 quodque
736 1525 808 1596 post

201 1644 216 1666 ·
233 1615 358 1695 aliquod
374 1621 520 1697 temporis
536 1620 720 1698 poenituerit
736 1620 807 1681 Viu-

200 1745 215 1770 ·
231 1720 364 1780 centium
388 1719 541 1781 dictorum
563 1719 765 1799 sponsalium,
789 1741 806 1783 a

199 1819 384 1898 otbeulogis
414 1826 444 1883 et
475 1821 655 1884 doctoribus
692 1824 805 1884 instru-

198 1949 213 1974 υ
229 1929 311 1983 ctum
326 1967 334 1995 ,
350 1941 415 1983 sese
438 1923 522 1985 nullo
544 1931 635 2003 pacto
657 1927 751 1986 teucri
766 1924 804 1986 ad

197 2051 212 2076 ο
229 2042 335 2084 eorum
362 2024 601 2100 observantiam,
616 2032 723 2106 utpote
744 2027 804 2088 ini·

196 2132 328 2187 olorum
368 2127 446 2188 inter
479 2145 626 2205 personas
671 2129 803 2208 impedi·

198 2255 211 2278 ·
228 2235 331 2289 mento
354 2228 507 2290 dirimenti
531 2229 690 2291 obnoxias.
715 2233 805 2293 Vice-

195 2356 210 2380 ·
227 2347 313 2391 versa
331 2329 509 2407 Magdalena
532 2349 643 2409 sponsa
665 2339 805 2410 perstans

194 2457 209 2481 υ
227 2431 256 2490 in
271 2430 447 2492 eorumdem
459 2431 645 2511 sponsalium
661 2430 804 2494 firmitate

195 2559 209 2582 ·
227 2538 257 2592 et
271 2531 634 2608 observantia,recursum
647 2533 754 2594 babuit
765 2534 803 2596 ad

194 2659 209 2685 υ
225 2633 353 2694 eundem
365 2635 561 2715 Episcopum,
571 2637 623 2714 qui
633 2641 733 2696 tamen
748 2653 801 2697 an-

194 2763 209 2786 s
225 2753 295 2814 ceps
307 2736 337 2795 in
352 2736 477 2796 bninsce
491 2735 577 2796 dubii
591 2736 800 2812 resolutione,

193 2864 208 2889 a
225 2835 391 2897 humillime
414 2839 550 2898 exoravit
573 2839 632 2898 El„
657 2840 718 2899 PP.
745 2856 800 2917 pro

193 2965 209 2990 ο
225 2939 290 2998 cius
304 2937 525 3015 declaratione,
540 2938 625 3016 quod
639 2957 708 2999 sane
726 2957 801 3018 pro·

193 3067 208 3092 υ
224 3039 357 3118 positum
376 3041 405 3100 in
427 3045 561 3100 anteacta
581 3041 802 3118 Congregatio·

197 3159 264 3201 sne
310 3143 423 3202 iussum
447 3141 505 3202 luit
536 3147 569 3201 nt
596 3140 673 3202 illud
704 3159 801 3221 pone·

194 3271 210 3294 ·
227 3249 311 3303 retur
337 3247 368 3301 tn
386 3243 462 3318 solio
488 3245 547 3320 (1);
572 3242 643 3304 bino
664 3244 801 3323 parendo

195 3370 210 3396 a
226 3341 398 3416 mandatis,
424 3341 514 3404 bodie
537 3347 797 3422 reprupouitur.·

259 3447 336 3505 utu
363 3444 516 3523 sponsalia
539 3445 748 3506 stistineantnr
770 3447 800 3507 in

196 3571 208 3598 ι
223 3563 328 3607 casu.»
343 3547 532 3624 Responsum
551 3545 685 3626 prodiit:
704 3551 801 3626 Nepa-

188 3653 258 3708 tice.

254 3750 288 3810 ln
305 3749 363 3810 bac
379 3748 450 3810 lacti
465 3750 566 3827 specie
584 3751 626 3811 uti
644 3749 800 3822 observas,

189 3849 342 3928 agebatur
364 3850 401 3912 de
423 3851 616 3931 sponsalibus
633 3853 711 3913 inter
727 3868 801 3912 con·

189 3953 382 4030 sanguineos,
406 3951 443 4014 de
465 3969 599 4031 quorum
615 3953 799 4032 sponsalium

190 4055 365 4130 existentia,
391 4053 431 4114 ob
454 4055 659 4116 solemnitates
684 4056 799 4116 extrin-

739 393 889 442 treunutx
915 393 958 441 Ν.

864 521 948 565 secas
970 503 1122 566 adbibitus
1135 548 1144 582 ,
1176 521 1237 565 nnn
1260 509 1383 584 poterat
1409 503 1468 565 dun

863 603 966 668 bitari.

926 707 1059 770 Dubium
1076 707 1253 771 versabatur
1266 710 1346 771 eirea
1362 709 1468 772 intrin-

861 827 963 870 secum
989 809 1164 873 eorumdem
1188 809 1337 888 valorem,
1361 818 1468 891 utpote

861 913 1467 993 quaecontractalucrautiuterpersonas

861 1010 1017 1073 inidoneas
1029 1012 1066 1075 ad
1085 1014 1306 1074 matrimonium
1330 1014 1465 1092 legitime

861 1115 1465 1190 cnrrtrabcndum,subconditionesaltrm

861 1216 1028 1296 implicita,
1051 1220 1079 1276 εἰ
1100 1219 1233 1292 Pontifex
1248 1219 1464 1294 dispensaverit·

860 1317 946 1379 cuius
985 1317 1218 1396 dispensationis
1255 1319 1465 1398 impetrandae

860 1437 953 1480 onere
982 1421 1110 1497 ipsemet
1135 1421 1309 1482 Vincentius
1330 1437 1365 1480 rx
1389 1439 1464 1483 con·

859 1527 956 1581 tractu
977 1519 1171 1598 gravabatur.
1198 1523 1236 1584 Et
1259 1529 1357 1584 tamen
1375 1524 1464 1584 Sarra

859 1623 1062 1700 congregatio
1097 1625 1214 1685 censuit
1243 1642 1304 1686 nou
1326 1626 1463 1685 sustineri

858 1725 1020 1802 sponsalia.

921 1825 1463 1904 Sanedcsponsalibusnbsotatccon-

857 1927 959 1986 tractis
973 1927 1121 1998 intereos,
1137 1927 1190 2005 qui
1205 1927 1338 1988 inidonei
1352 1945 1386 1988 es
1398 1927 1463 1988 iure

857 2026 1059 2088 ecclesiastico
1075 2026 1194 2090 suntad
1210 2029 1375 2106 legitimum
1390 2047 1463 2088 con-

855 2127 1037 2189 trabendum
1052 2129 1289 2202 matrimonium,
1303 2129 1384 2191 nulla
1398 2128 1462 2188 lieri

856 2235 958 2308 potest
993 2231 1181 2292 rationabilis
1213 2231 1362 2308 quaestio.
1402 2232 1462 2309 ipsi

856 2332 934 2393 enirn
954 2332 1138 2392 contrahunt
1152 2331 1189 2390 de
1202 2348 1234 2390 re
1246 2330 1351 2391 illicita
1366 2338 1396 2392 ct
1409 2348 1462 2408 per

854 2449 956 2492 sacros
978 2433 1116 2492 Canones
1137 2431 1304 2512 prohibite,
1329 2430 1462 2511 ideoque

854 2533 898 2594 sie
920 2532 1134 2593 contrahentes
1174 2533 1248 2594 nibil
1271 2539 1377 2609 agerat.
1404 2532 1462 2593 Sed

854 2651 911 2694 nec
932 2633 1026 2693 valida
1041 2633 1194 2710 sponsalia
1210 2629 1359 2694 censenda
1376 2640 1459 2704 sunt,

854 2736 879 2795 si
896 2735 942 2795 vir
953 2742 983 2794 et
996 2734 1104 2795 nrnlicr
1119 2733 1302 2795 corrtrabant
1314 2733 1415 2793 animo
1431 2741 1462 2794 et

853 2855 908 2915 spe
930 2835 1111 2897 obtinendae
1129 2834 1375 2914 dispensationis.
1393 2835 1461 2894 linc

853 2939 935 2998 enim
959 2957 1029 2998 casu
1054 2943 1171 3016 praeter
1192 2935 1262 3010 alia,
1281 2954 1359 3016 qnae
1381 2936 1460 2994 intra

853 3038 1079 3116 adnotabimus,
1092 3057 1152 3099 non
1165 3055 1283 3115 semper
1296 3044 1418 3118 apparet
1431 3037 1459 3095 in

852 3141 978 3218 singulis
1000 3141 1116 3201 casibus
1134 3158 1168 3200 ea
1185 3140 1275 3199 animi
1300 3139 1459 3200 deliberati

852 3243 990 3316 firmitas,
1004 3260 1082 3322 quac
1096 3242 1161 3303 sola
1173 3247 1274 3322 potest
1291 3241 1367 3302 bane
1390 3257 1459 3318 gra-

853 3361 920 3403 vem
948 3343 1167 3422 obligationem
1198 3341 1386 3421 sponsalium
1413 3342 1461 3400 in·

853 3443 975 3505 ducere.
1002 3444 1180 3504 liniusmodi
1204 3443 1283 3502 enim
1312 3440 1461 3520 sponsalia

852 3544 941 3607 lacile
953 3544 1141 3606 reducuntur
1152 3544 1189 3605 ad
1201 3551 1294 3604 votum
1308 3545 1372 3602 sire
1384 3544 1461 3601 dest·

852 3649 963 3707 derr'arn
976 3647 1218 3708 contrabentium
1241 3643 1365 3704 ineundi
1384 3661 1460 3704 con·

851 3749 989 3826 inpium,
1013 3748 1037 3807 si
1060 3746 1177 3808 habiles
1198 3745 1285 3806 liant.

914 3848 971 3910 sed
987 3855 1105 3928 praeter
1125 3849 1197 3908 baec
1212 3845 1327 3908 etiamsi
1340 3845 1392 3906 tier
1405 3861 1457 3904 ea-

851 3969 902 4012 sus
925 3950 964 4012 de
990 3949 1181 4029 sponsalibus
1207 3949 1371 4009 contractis
1401 3945 1458 4005 sub

852 4053 993 4134 explicita
1016 4050 1192 4113 conditione
1213 4056 1238 4108 sr'
1256 4048 1390 4124 Pontifex
1411 4047 1460 4105 dr'·

258 4290 294 4350 (t)
311 4287 338 4340 Si
357 4286 446 4356 aliqua
465 4303 544 4342 cansa
562 4303 631 4358 quae
648 4289 743 4357 exponi
762 4285 870 4341 deberet
887 4289 916 4338 tn
926 4284 999 4352 soltn
1017 4291 1166 4352 exponatur
1183 4297 1197 4337 a
1216 4282 1403 4335 t).Secretarro
1420 4295 1456 4332 m·

185 4375 231 4423 ter
246 4370 382 4439 supptices
399 4370 505 4425 libellos
522 4373 567 4442 qni
588 4371 668 4425 modo
685 4372 815 4424 dicuutur
837 4371 998 4425 summario
1021 4381 1154 4438 precene,
1179 4367 1258 4420 Sacra
1283 4363 1459 4431 congregatio

192 4453 306 4508 mandat
324 4461 355 4508 ut
369 4469 494 4521 ponatur
511 4459 538 4508 tn
550 4455 634 4522 solio,
651 4462 729 4525 prout
746 4455 773 4506 in
793 4453 922 4522 praesenti
942 4467 1005 4506 casu
1023 4452 1145 4519 contigit.
1157 4451 1217 4504 Vid.
1229 4464 1289 4519 pag.
1301 4455 1331 4500 m
1347 4448 1373 4500 in
1385 4453 1459 4500 nota.
