3282 5008
466 569 515 675 lt
538 567 568 673 l.
588 563 885 674 ttlttttttttlt
919 554 1090 664 llllllll.

687 861 876 880 m

490 1048 758 1124 NULLlTATIS
783 1043 1062 1118 llrl'llllllONll.

151 1284 210 1336 ote
226 1286 261 1337 28
278 1279 397 1350 auperti
414 1280 490 1332 1864.
979 1265 1281 1336 ὃιεε.“.·4σ.6ᾰεης[.
1293 1272 1383 1331 matr,

211 1505 498 1574 compendium
519 1500 628 1558 metr.
653 1487 777 1561 Omnia
810 1498 929 1580 parata
960 1495 1060 1558 erant
1084 1484 1126 1554 ud
1157 1484 1418 1557 matrimonium

138 1599 414 1670 contrabendum
446 1595 539 1668 inter
571 1594 704 1666 'litium
752 1606 788 1664 et
811 1591 930 1664 Caium
963 1590 1153 1664 secundum
1179 1591 1417 1664 Tridentinam

140 1704 275 1796 legem,
302 1725 383 1774 cum
406 1701 440 1770 in
466 1698 652 1792 episcopali
682 1699 777 1771 ouria
808 1696 947 1769 obstitit
970 1696 1138 1789 quaedam
1164 1697 1308 1785 mulier,
1335 1720 1419 1791 quo-

139 1809 259 1879 minus
283 1807 327 1880 ad
352 1805 551 1900 nuptiarum
576 1804 845 1878 celebmtionem
871 1801 1019 1875 ulterius
1043 1803 1308 1894 procederetur,
1337 1825 1420 1875 con-

143 1912 290 1985 tendens
321 1935 405 1986 «ex
429 1910 494 1983 lide
519 1910 800 1983 antecedentium
837 1908 1048 2002 sponsalium
1082 1929 1164 1978 oum
1197 1909 1420 1982 delloratione

142 2016 350 2101 coniuncta,
375 2038 419 2088 ex
451 2037 519 2109 qua
547 2014 658 2086 lilium
682 2037 821 2107 quoque
845 2024 1050 2109 pepererat,
1077 2012 1144 2083 sibi
1177 2012 1308 2084 Titium
1334 2015 1422 2087 obli-

139 2134 262 2214 gatum
286 2145 397 2194 esse.»
418 2121 510 2194 llota
534 2121 653 2215 itaque
677 2120 738 2195 lite
789 2133 825 2192 et
850 2141 953 2190 causa
977 2119 1116 2190 tandem
1146 2142 1208 2212 pro
1236 2121 1421 2192 existentia

141 2228 357 2320 sponsalium
382 2229 416 2299 in
441 2227 535 2300 cuma
570 2227 733 2309 definita,
770 2226 856 2297 nihil
887 2225 1001 2297 Titius
1033 2226 1246 2296 intentatum
1282 2226 1423 2320 reliquit

145 2347 185 2404 ut
206 2334 481 2417 matrimonium,
498 2333 568 2404 iam
584 2355 665 2405 cum
681 2329 763 2403 Caia
788 2344 961 2424 paratum,
979 2331 1014 2400 in
1033 2331 1179 2414 exitum,
1195 2354 1258 2424 per
1274 2331 1423 2404 celebra·

144 2441 276 2510 tionem
301 2459 417 2511 coram
442 2437 619 2519 Ecclesia,
646 2436 843 2509 deduceret.
859 2438 906 2506 At
921 2447 1090 2507 renuente
1113 2448 1314 2508 constanter
1330 2459 1424 2529 prae

142 2543 216 2614 lata
242 2544 411 2628 muliere,
441 2565 530 2636 quae
557 2542 679 2615 cedere
705 2541 817 2613 noluit
856 2541 910 2611 ius
934 2540 1169 2634 sponsalium,
1195 2543 1424 2615 renuentibus

142 2649 321 2734 Parochis,
332 2650 392 2744 qui
403 2650 445 2722 de
457 2649 671 2742 sponsalium
684 2648 932 2742 impedimento
945 2669 1007 2739 per
1016 2646 1228 2740 Episcopum
1240 2649 1422 2732 admoniti,

144 2755 371 2830 celebrationi
403 2757 616 2828 matrimonii
648 2755 809 2826 assistere
834 2754 982 2826 firmiter
1007 2755 1272 2851 detrectarunt,
1302 2778 1424 2828 ornnes

148 2860 231 2932 Titii
249 2874 287 2932 et
302 2859 407 2933 Gaiae
422 2883 525 2934 curae
541 2861 577 2930 in
596 2859 733 2931 irritum
750 2880 896 2931 cessere.

218 2965 367 3050 Verum,
391 2967 505 3038 animo
533 2965 625 3036 haud
648 2965 780 3037 fractus
808 2962 940 3044 Titius,
968 2985 1034 3055 opo
1058 2963 1281 3056 obsequentis
1303 2966 1423 3049 amici,

145 3068 359 3161 oppidanum
382 3069 598 3152 Paroohum,
624 3068 660 3138 in
685 3067 756 3140 alto
780 3089 971 3161 asperoque
992 3067 1068 3138 loco
1086 3080 1290 3150 extantem,
1317 3070 1426 3141 valuit

148 3173 317 3264 reperire,
330 3175 391 3265 qui
404 3173 693 3268 impedimentum
709 3171 921 3265 sponsalium
939 3173 1116 3264 ignorans,
1135 3184 1294 3264 paratum
1313 3189 1427 3247 semet

146 3278 307 3349 exhibuit
323 3279 365 3348 ad
382 3289 519 3371 optatas
544 3279 684 3370 nuptias
707 3277 978 3360 benedicendas,
997 3278 1183 3348 dummodo
1200 3277 1312 3350 eidem
1329 3281 1427 3351 exbi-

147 3384 314 3455 berentur
340 3381 539 3455 decremento
565 3396 672 3453 status
699 3381 798 3454 liberi
828 3383 1004 3476 utriusque
1035 3383 1146 3477 sponsi
1157 3431 1169 3463 ,
1197 3396 1228 3453 ct
1261 3382 1426 3479 dclcpotio

145 3490 279 3585 proprii
298 3489 451 3586 pamelii.

217 3595 300 3671 Sino
324 3619 419 3668 mora
445 3598 647 3669 transmissa
684 3595 826 3669 luerunt
861 3596 1068 3669 documenta
1102 3598 1299 3688 quaedam,
1333 3621 1424 3690 quae

149 3715 267 3773 tamen
286 3704 501 3775 solummodo
520 3704 622 3776 fidem
646 3702 817 3775 faciebant
841 3702 882 3773 de
905 3705 1120 3774 matrimonio
1143 3703 1253 3774 adbuc
1269 3727 1335 3773 noa
1350 3726 1427 3774 cott-

146 3819 256 3878 trocto
289 3809 378 3880 inter
406 3807 533 3878 Titium
557 3824 588 3880 ct
615 3807 746 3881 Guium.
773 3809 899 3881 Deerat
921 3811 1063 3903 insuper
1090 3810 1260 3902 delegatio
1296 3811 1424 3902 proprii

146 3914 354 3985 alterutrius
389 3915 505 4007 sponsi
541 3915 696 4008 parochi.
722 3914 787 3986 Sed
819 3916 907 3986 hanc
939 3915 1165 4008 delegationis
1193 3917 1423 3988 deficientiam

151 4020 325 4090 Parochus
348 4021 405 4092 ille
430 4022 586 4105 censuit,
614 4021 668 4093 vel
692 4019 819 4114 negligi
849 4045 978 4114 posse,
1010 4023 1065 4094 vel
1098 4023 1251 4116 suppleri
1283 4044 1345 4114 per
1376 4022 1430 4092 in·

149 4125 377 4219 scriptionem
405 4148 611 4219 sponsorum
631 4127 667 4197 in
691 4125 769 4198 albo
793 4128 1041 4222 oppidanomm
1077 4128 1170 4199 illius
1202 4127 1289 4210 loci,
1324 4129 1426 4198 cuius

149 4231 386 4324 inscriptionis
414 4232 632 4325 recipiendae
663 4256 781 4305 curam
810 4233 846 4302 in
875 4257 912 4306 se
943 4236 1109 4328 suscepit.
1137 4235 1295 4326 Rcapse,
1331 4235 1428 4306 iuxta

146 4337 269 4409 civiles
300 4336 395 4430 leges
422 4339 515 4409 illius
542 4340 740 4433 provinciae
774 4341 807 4410 in
839 4362 908 4434 qua
936 4341 1100 4434 oppidum
1130 4339 1333 4423 existebat,
1368 4365 1430 4434 per

150 4444 348 4516 huiusmodi
365 4445 625 4540 inscriptionem
643 4447 795 4540 suppleri
813 4469 914 4541 posse
931 4448 1111 4520 videbatur
1129 4445 1232 4520 realis
1256 4449 1424 4520 domicilii

236 4578 320 4642 Acta,
333 4574 586 4644 tom.1,sorc.111.
1337 4582 1353 4628 t
