3282 5008
184 380 228 448 92
442 401 598 448 coactata
609 403 703 449 ¹⁸10le
727 403 770 449 SS.
788 403 941 450 nectunt.
957 404 1064 452 SUPER·
1086 403 1196 452 ratttt..

252 503 388 592 Quare,
424 507 542 577 audito
578 504 793 579 Consultoris
829 523 935 592 voto,
974 509 1064 580 circa
1096 510 1184 582 hanc
1219 509 1466 605 quaestionem

182 611 217 684 S.
238 611 501 705 Congregationi
523 611 738 705 propositum
764 613 829 683 luit
853 614 998 685 dubium
1015 615 1050 684 in
1074 613 1167 686 calce
1191 615 1357 707 positum.

584 793 825 857 manceps-tt·
848 797 1064 860 ayn-pstea.

252 929 302 1001 Ex
316 953 396 1008 oute
411 952 602 998 exauratam
616 930 1133 1002 oasrtnerrrnemaruaePlura
1147 955 1189 1004 ex
1199 932 1309 1026 officio
1325 932 1461 1005 erudite

182 1036 455 1128 congerebantur
486 1047 605 1106 contra
624 1058 700 1107 eam
721 1037 978 1129 exemptionem
995 1038 1038 1110 de
1059 1061 1126 1131 qua
1143 1053 1195 1113 est
1208 1062 1346 1122 sermo,
1372 1063 1459 1132 quae

183 1143 232 1212 sic
246 1143 288 1212 de
303 1164 398 1213 more
412 1141 687 1235 perstringimus.
698 1141 810 1212 Variis
822 1143 1084 1214 indicatisvocis
1098 1146 1318 1240 exemptionis
1331 1145 1460 1236 signill-

183 1248 390 1328 nationibus,
403 1245 683 1322 considerabatur
696 1245 872 1339 exemptio
887 1247 921 1316 in
933 1247 1103 1318 ordinead
1122 1248 1297 1341 religiosas
1314 1249 1460 1317 familias

184 1377 265 1446 prae
285 1354 437 1424 locorum
461 1350 664 1434 Ordinariis3
686 1362 720 1422 et
740 1351 1018 1442 distinguebatur
1039 1354 1213 1445 exemptio
1238 1376 1327 1445 quae
1348 1353 1460 1445 prodit

185 1484 228 1532 cx
246 1460 421 1532 communi
441 1461 527 1542 iure,
553 1482 676 1552 nempe
697 1483 739 1528 ex
761 1459 874 1529 Sacris
896 1458 1114 1540 Canonibus‚
1133 1457 1286 1530 Concilio
1319 1457 1462 1530 Triden-

185 1567 259 1635 tino
269 1614 278 1647 ‚
290 1564 606 1636 Constitutionibus
620 1564 693 1634 tttt.
705 1563 927 1646 Pontificum,
944 1576 979 1635 et
993 1563 1289 1635 Declarationibus
1302 1564 1363 1634 SS.
1376 1565 1464 1634 Con·

184 1671 436 1763 pagatianum,
453 1671 497 1740 ab
515 1692 659 1762 eaquae
678 1670 747 1738 vim
764 1691 862 1739 suam
881 1669 996 1738 haurit
1012 1693 1055 1741 ex
1073 1669 1212 1762 speciali
1226 1671 1268 1741 ll.
1285 1671 1462 1741 Pontificis

187 1777 377 1869 privilegio.
400 1777 513 1846 Prima
530 1777 698 1868 competit
715 1775 902 1847 Ominibus
914 1775 972 1867 qui
991 1773 1179 1868 Regulares
1197 1777 1230 1844 in
1249 1777 1324 1846 iure
1346 1775 1466 1868 appel·

185 1883 313 1964 lantur,
332 1883 524 1954 cuiusmodi
544 1895 626 1951 sunt
643 1881 692 1950 illi
706 1881 852 1952 Ordines
869 1881 904 1950 in
922 1880 1049 1972 quibus
1073 1892 1153 1952 vota
1171 1882 1336 1952 solemnia
1361 1882 1459 1952 emit·

188 1987 438 2059 tuntur.Ci1·ca
464 2010 550 2080 quos
575 1988 721 2059 Ordines
747 1986 996 2058 observabatur
1020 2009 1179 2080 quoquc,
1197 2011 1254 2058 eos
1280 1999 1459 2079 exemptos

187 2097 319 2168 ccrrscri
336 2096 379 2166 ab
394 2093 589 2190 Episcopali
609 2094 844 2164 iurisdictione
861 2094 980 2164 statim
1002 2117 1041 2164 ac
1063 2094 1293 2164 admittantur
1316 2094 1357 2164 ad
1375 2117 1465 2164 nun·

186 2201 343 2294 cupamla
362 2213 439 2270 rota
464 2199 641 2270 solemnia.
664 2200 858 2291 hequirunt
883 2199 976 2269 enirn
1000 2198 1064 2269 hoc
1089 2199 1181 2270 iacto
1201 2200 1376 2292 privilegia
1397 2200 1465 2272 lle·

186 2307 379 2398 galaxiam,
399 2304 599 2399 praesertim
618 2304 837 2395 privilegium
853 2326 922 2396 quo
939 2303 1139 2374 eximuntur
1156 2329 1174 2374 a
1197 2306 1361 2376 canonica
1381 2306 1466 2398 Epi·

185 2413 278 2506 scopi
297 2412 495 2483 visitatione
512 2411 769 2482 correctiunoct
783 2409 971 2502 generatim
986 2410 1222 2482 iurisdictione
1250 2411 1290 2480 ad
1306 2433 1465 2482 normam

186 2519 384 2592 cummunis
407 2517 504 2588 iuris.

257 2623 372 2694 Altera
398 2646 479 2695 vero
508 2621 703 2714 exemptio,
730 2644 818 2714 quae
852 2624 1022 2716 repetitur
1047 2646 1089 2694 cx
1115 2622 1254 2716 speciali
1281 2625 1324 2695 ll.
1343 2624 1464 2694 Ponti—

186 2733 261 2801 hcis
284 2730 484 2823 privilegio,
504 2752 542 2800 ea
559 2742 612 2800 est
630 2751 717 2821 quae
735 2730 904 2820 competit
920 2729 1090 2820 religiosis
1115 2728 1255 2800 familiis
1282 2743 1360 2800 vota
1382 2731 1466 2800 sim·

187 2837 288 2929 plicia
314 2835 574 2917 emittentibus,
601 2857 689 2927 quae
716 2834 889 2906 hodiernis
912 2833 1033 2906 diebus
1059 2858 1127 2905 non
1153 2838 1227 2907 sine
1252 2835 1393 2928 speciali
1414 2836 1468 2905 di·

186 2943 266 3013 vina
297 2942 511 3036 providentia
544 2941 671 3033 iugiter
705 2939 994 3034 multiplicantur.
1024 2941 1072 3036 (l)
1099 2941 1145 3013 Et
1169 2944 1260 3014 circa
1295 2945 1464 3015 eiusmodi

237 3089 417 3160 (tlsiugulari
430 3087 800 3159 providentiaebeuelicioad-
851 3095 907 3142 tarn
920 3088 1080 3156 instaurant,
1092 3092 1205 3145 maxime
1223 3089 1362 3146 charitatis
1380 3092 1461 3159 operi-

186 3175 326 3232 scribenda
350 3174 450 3246 absque
477 3174 561 3229 dubio
583 3173 688 3229 videtur
707 3189 737 3228 ea
761 3174 800 3229 iu·
852 3171 1465 3243 boscumattemperentmetusmodtrecentes

187 3262 227 3326 gis
240 3259 427 3330 multiplicatio
441 3260 625 3330 religiosarum
636 3257 798 3314 familiarum
852 3257 991 3326 religiosae
1001 3257 1118 3312 larniliae
1130 3260 1276 3327 praesentis
1288 3260 1416 3327 temporis
1426 3259 1467 3311 iu·

185 3348 239 3398 sive
258 3345 372 3398 virorum
403 3344 457 3398 sire
476 3343 619 3398 mulierum
642 3343 670 3396 in
697 3351 799 3397 tantam
852 3341 996 3410 digamia,
1023 3344 1122 3397 mirum
1145 3344 1247 3398 nemini
1267 3359 1325 3398 csse
1345 3343 1424 3398 debet
1442 3344 1467 3396 si

186 3419 407 3486 christifidelium
425 3429 588 3484 utilitatem:
602 3427 668 3484 adeo
681 3438 712 3483 ut
729 3429 800 3483 sicut
851 3427 879 3480 S.
887 3425 969 3481 Sedes
977 3436 1037 3496 post
1046 3435 1181 3482 matarum
1191 3443 1300 3482 examen
1318 3437 1465 3482 suaaucto

186 3516 261 3583 impii
277 3513 357 3569 huius
375 3514 472 3568 saeculi
492 3514 540 3567 riri
557 3523 584 3568 et
598 3513 737 3578 mulieres,
754 3515 800 3568 Sa·
854 3511 930 3564 ritate
940 3510 1465 3581 earumCoustitutlonesintraquosdam

187 3609 265 3654 tanne
282 3600 377 3668 spiritu
397 3607 501 3665 agente,
514 3598 564 3652 suh
585 3599 662 3653 variis
675 3600 800 3667 insigniis
854 3596 1104 3666 limitesapprobct‚
1116 3612 1185 3667 quas
1198 3595 1264 3651 lorte
1274 3597 1335 3651 aliis
1350 3596 1465 3652 saeculis

186 3693 213 3738 et
227 3683 389 3752 actionibus,
401 3682 566 3752 colliguntur
577 3683 603 3737 iu
616 3699 700 3737 unum
711 3682 800 3738 adver·
852 3679 992 3735 dit'licilias
1010 3681 1226 3751 approbavisset;
1246 3683 1300 3736 imo
1318 3697 1348 3736 ex
1366 3682 1465 3750 specia-

186 3783 233 3822 sus
247 3769 391 3823 hominurn
415 3777 442 3822 et
451 3766 577 3822 adversas
586 3769 720 3822 Christum
731 3769 799 3832 eius
852 3764 925 3820 lilius
934 3766 1144 3820 circumstantiis
1156 3766 1291 3821 interdum
1300 3767 1467 3834 prohibuerit

186 3854 222 3925 ita
235 3851 427 3907 Christilldeles
437 3860 531 3921 agente
540 3851 631 3906 divino
641 3853 741 3920 Spiritu
755 3868 801 3922 per
853 3850 891 3904 uti
909 3858 1019 3920 apparet
1031 3866 1061 3904 ex
1073 3853 1164 3906 Const.
1175 3852 1203 3906 S.
1216 3853 1253 3905 Pii
1267 3854 1298 3905 V.
1310 3853 1465 3907 raetorum

186 3938 324 4006 religiosas
341 3936 456 3992 lamilias
468 3936 584 4002 collecti,
597 3935 662 3990 dum
681 3939 800 4006 propriae
852 3932 940 4000 afficit
952 3945 978 3989 et
992 3951 1022 3989 ex
1032 3942 1113 3990 altera
1126 3937 1273 3990 tetricam
1286 3939 1359 3992 vitae
1370 3951 1465 4007 penus.

187 4021 503 4087 virtutistudeut,cantra
511 4022 578 4076 vires
586 4021 802 4090 ingruentessae-
903 4017 981 4087 Quod
995 4030 1085 4075 autem
1105 4020 1237 4075 eiusmodi
1254 4021 1378 4076 instituta
1398 4021 1466 4089 iugi-

187 4104 254 4170 culi,
265 4105 315 4159 suh
331 4113 475 4173 temperata
487 4105 676 4174 Episcoporum
687 4106 801 4160 auctori·
853 4111 895 4158 ter
912 4104 1142 4174 multiplicentur,
1159 4114 1268 4175 apparet
1286 4122 1316 4161 ex
1334 4107 1414 4162 variis
1424 4123 1467 4161 ca-

187 4189 314 4260 tuteloni
324 4206 354 4243 ex
368 4189 443 4244 lirim
456 4189 617 4244 adhaesione
630 4191 698 4244 Petri
713 4192 801 4245 cathe-
854 4188 950 4257 talogis
967 4205 1034 4258 quos
1053 4205 1114 4258 prae
1127 4191 1212 4245 oeulis
1235 4191 1377 4248 habemus.
1395 4194 1470 4249 Saue

186 4273 251 4327 drae
266 4273 347 4327 robur
360 4274 491 4328 Ecclesiae
505 4274 800 4337 constituuntlcollatis
852 4285 883 4324 cx
905 4273 1022 4326 illencho
1039 4279 1255 4344 praecipuorum
1276 4275 1466 4331 institutorum

187 4357 288 4412 viribus
298 4358 479 4426 evangelicam
490 4357 640 4411 doctrinam
651 4374 696 4427 per
705 4357 797 4413 arbem
852 4357 967 4412 virorum
1003 4367 1029 4412 et
1049 4360 1192 4414 mulierum
1211 4375 1279 4430 quae
1299 4361 1341 4417 rel
1363 4373 1470 4418 tantum

184 4441 647 4508 serenaretllarenterucolunt‚x'el
659 4441 798 4497 tulelacta-
851 4441 976 4507 laudata,
997 4443 1035 4498 rel
1055 4446 1135 4498 etiarn
1156 4445 1300 4515 approbata
1318 4463 1333 4502 a
1351 4449 1380 4503 S.
1399 4447 1470 4503 Sede
