3248 5004
376 368 382 379 Ι
474 395 636 446 tttttttttr.
656 396 834 445 lthllsst'lllll
850 395 890 442 tx
908 395 1016 446 Chl'llb
1034 393 1162 442 taraus,
1410 369 1458 440 23

181 498 295 574 libero
317 499 480 574 dicantur
503 500 696 573 constituti.
717 500 771 574 Ex
783 522 851 594 quo
869 497 907 569 lit
923 498 1042 582 etiam,
1061 496 1151 592 qnod
1167 493 1344 590 quaelibet
1358 507 1456 587 mpta

182 605 301 700 puella
327 607 363 676 in
391 605 467 678 loco
492 628 559 678 non
583 618 662 676 tuto
686 627 799 698 neque
822 604 931 676 libero
957 604 1092 697 posita,
1119 601 1254 674 etiamsi
1280 601 1315 671 in
1340 600 1458 672 matri·

183 712 344 784 monium
359 710 469 784 libero
486 712 710 795 consentiret,
727 713 842 805 ipsum
860 723 976 782 tamon
994 728 1061 781 non
1086 708 1302 780 subsisteret.

258 817 473 910 llcpellobatv
486 817 632 910 deniquo
657 817 889 889 obiectionem
907 839 951 887 aa
969 829 1088 886 mutua
1104 813 1360 890 cohabitatione
1375 833 1456 904 qun·

187 921 350 994 triennali
373 923 627 1016 depromptam,
654 933 729 993 tum
755 945 798 993 ex
822 945 863 994 eo
887 922 980 1014 quod
1005 920 1119 1014 puella
1135 919 1318 993 itineribus
1334 915 1458 990 delati-

183 1038 291 1117 gata,
317 1048 455 1119 semper
479 1038 650 1098 manserat
675 1027 711 1097 in
735 1025 928 1118 Sempronii
957 1038 1143 1119 potestate,
1170 1037 1244 1094 tum
1272 1023 1457 1117 praecipue

183 1155 232 1204 ex
249 1156 303 1214 eo,
322 1131 412 1226 quod
435 1131 641 1204 convalidari
668 1154 737 1204 non
761 1144 876 1226 potest
900 1132 1160 1204 matrimonium
1186 1154 1229 1203 ex
1254 1131 1287 1200 vi
1312 1141 1456 1203 etmetn

183 1250 416 1322 contractum,
434 1240 494 1309 ubi
520 1239 610 1331 viget
636 1235 694 1309 lex
719 1237 916 1323 tridentina,
943 1237 1078 1329 quando
1103 1237 1386 1330 impedimentum
1402 1247 1457 1305 est

186 1343 378 1436 publicum.
414 1341 550 1416 Giraldi·
577 1343 630 1412 ius
654 1343 775 1413 aonias.
796 1356 888 1438 port.
917 1343 930 1413 l
976 1357 1053 1414 sect.
1090 1346 1172 1423 658,
1208 1343 1268 1434 qui
1304 1339 1457 1412 relerens

185 1450 379 1520 doctrinam
402 1449 439 1522 S.
453 1449 493 1521 C.
510 1448 549 1520 C.
569 1449 617 1519 ait
644 1475 660 1516 a
681 1448 784 1521 Sacra
808 1463 874 1521 etc.
893 1450 1033 1543 saepius
1052 1447 1241 1542 respondit,
1260 1447 1360 1519 hodie
1377 1459 1456 1538 post

190 1556 420 1628 »concilium
446 1555 711 1637 Tridentinum,
738 1555 997 1626 matrimonium
1033 1568 1127 1626 metu
1152 1567 1392 1635 contractum,
1419 1567 1456 1624 et

189 1685 210 1728 a
227 1673 372 1754 purgato
395 1674 492 1734 motu
517 1683 577 1753 per
599 1659 888 1734 cohabitationem
907 1682 988 1731 cum
1012 1659 1138 1733 carnali
1163 1659 1285 1754 copula
1303 1658 1456 1750 aliosque

189 1779 337 1846 nactus,
364 1787 433 1836 non
458 1762 689 1846 convalidari,
716 1765 783 1836 nisi
807 1765 931 1836 iterum
957 1766 1180 1836 contrahatur
1204 1764 1355 1836 adhibita
1381 1786 1458 1832 rur·

190 1895 286 1942 osus
310 1871 465 1945 eiusdem
489 1871 623 1944 concilii
652 1869 818 1944 lorma.»
857 1869 927 1943 Nec
962 1872 1063 1944 aliter
1097 1871 1244 1944 refertur
1279 1872 1312 1940 in
1342 1869 1456 1942 Rotali

184 1978 362 2050 decisione
380 1980 448 2048 900
461 1980 497 2048 in
517 1977 629 2072 princ.
649 2000 718 2048 cor.
738 1976 916 2070 Seraphin.
936 1977 970 2048 in
995 1977 1206 2070 qualegitur
1224 1975 1458 2064 «Quaesitum

188 2083 295 2153 aluit
319 2083 404 2174 quid
427 2083 631 2156 servandum
656 2082 692 2152 in
718 2083 759 2152 iis
782 2081 841 2174 qui
866 2104 927 2175 per
951 2084 1022 2154 vim
1047 2094 1082 2155 et
1106 2095 1268 2165 metum,
1294 2081 1459 2154 adhibitis

187 2214 209 2256 a
228 2188 390 2258 omnibus
415 2187 690 2260 solemnitatibus
714 2211 733 2259 a
768 2187 872 2260 Sacro
896 2187 1051 2260 Concilio
1076 2189 1278 2260 Tridentino
1305 2210 1385 2259 cess.
1413 2191 1457 2258 tt

186 2317 208 2360 a
228 2317 300 2388 cop.
327 2293 354 2364 l.
380 2294 422 2364 dc
446 2294 618 2388 reformet.
646 2305 904 2366 contraxerunt.
932 2291 1161 2388 Congregatio
1190 2294 1359 2386 (Concilii)
1387 2317 1460 2367 res-

186 2425 209 2468 s
230 2399 361 2493 pendit,
387 2401 416 2470 si
432 2400 629 2472 huiusmodi
665 2399 952 2493 impedimentum
977 2401 1023 2471 sit
1057 2402 1245 2484 occultum,
1280 2412 1316 2474 et
1340 2413 1459 2493 partes

187 2519 349 2599 apostea
374 2507 409 2576 in
426 2505 646 2578 matrimonio
671 2507 720 2577 sic
747 2517 924 2578 contracto
947 2528 1149 2598 permanere
1180 2506 1287 2578 libere
1314 2527 1460 2580 consea-

185 2635 208 2678 π
230 2612 333 2694 tium,
367 2611 586 2684 consuevisse
618 2611 745 2704 Papam
773 2634 816 2682 ex
852 2609 942 2705 stylo
973 2610 1275 2694 Paenitentiariae,
1301 2612 1460 2705 quamvis

186 2739 209 2782 s
229 2715 486 2786 matrimonium
510 2715 556 2785 sit
581 2716 728 2800 nullum,
754 2717 888 2790 ratione
923 2717 1029 2789 etiam
1046 2716 1171 2790 occulti
1196 2717 1457 2811 impedimenti,

184 2845 209 2888 a
229 2820 278 2889 ita
302 2834 341 2891 ut
364 2821 407 2894 de
431 2843 519 2892 novo
543 2823 677 2914 possint
700 2822 792 2894 iuter
815 2845 853 2894 se
878 2824 1080 2895 contrahere
1097 2844 1165 2893 non
1190 2823 1366 2906 adhibitis,
1397 2847 1459 2895 seu

185 2949 208 2994 a
228 2927 386 3018 repetitis
410 2925 687 2999 solemnitatibus
710 2950 730 2998 a
753 2926 908 3001 Concilio
931 2929 1119 3021 requisitis,
1144 2928 1173 2998 si
1199 2950 1280 3000 vero
1314 2929 1460 3023 impedi-

186 3057 209 3100 s
230 3045 387 3103 mentum
411 3033 457 3102 sit
481 3031 716 3113 manifestum,
742 3033 870 3105 iterum
894 3033 1163 3105 contrahendum
1189 3045 1267 3114 est,
1302 3034 1460 3127 repetitis

184 3161 208 3206 a
227 3137 388 3208 ornnibus
411 3136 689 3209 solemnitatibus
713 3139 747 3208 in
773 3139 885 3232 primo
909 3151 1089 3210 contractu
1105 3138 1280 3209 adhibitis.
1297 3167 1314 3202 s

264 3460 345 3531 «An
362 3474 498 3534 constet
513 3462 556 3534 de
573 3461 733 3535 nullitate
750 3463 960 3536 matrimonii
980 3463 1014 3534 in
1034 3487 1152 3536 casn.»

260 3567 440 3639 llesouuno
466 3591 559 3638 ouon.
584 3567 688 3641 Sacra
711 3567 819 3661 Cong.
846 3569 1004 3653 Concilii,
1030 3593 1134 3642 causa
1160 3571 1313 3644 discussa
1331 3573 1388 3646 dic
1411 3575 1457 3644 25

181 3673 279 3744 lunii
307 3675 393 3742 root
419 3674 554 3744 censuit
578 3675 835 3747 matrimonium
873 3699 949 3748 esse
972 3676 1109 3746 irritum
1141 3676 1378 3767 respondendo
1414 3679 1457 3748 ad

179 3777 403 3871 propositum
431 3778 576 3850 dubium
602 3805 619 3848 r
641 3781 875 3874 offinnotioea
905 3803 994 3874 qnae
1026 3781 1199 3852 sententia
1230 3780 1297 3852 luit
1329 3781 1457 3853 iterum

177 3882 403 3965 conlirmata,
416 3883 472 3956 dic
490 3888 532 3954 27
552 3886 697 3979 Augusti
715 3886 869 3959 eiusdem
893 3887 988 3958 anni.

304 4067 356 4140 Ex
382 4092 421 4138 us
445 4092 498 4140 ras
522 4094 578 4141 rsr
603 4095 789 4143 cottianae:

257 4175 285 4247 l.
312 4177 458 4250 Perinde
482 4202 557 4252 esse
581 4203 702 4274 rapere
726 4181 759 4251 vi
785 4179 934 4274 puellam
960 4203 979 4253 e
1003 4183 1140 4276 propria
1165 4182 1285 4267 domo,
1311 4205 1352 4254 ac
1376 4180 1458 4254 dolo

178 4304 263 4357 eam
273 4283 524 4357 circumvenire
536 4297 576 4356 nt
589 4287 623 4355 in
636 4309 758 4357 manus
771 4287 971 4359 meditantis
986 4289 1141 4381 rapinam
1159 4288 1266 4361 inscia
1281 4289 1456 4361 deveniat.

255 4387 298 4460 ll.
325 4389 398 4461 lmo
422 4391 565 4484 perinde
589 4413 665 4464 csse
683 4393 839 4475 videtur,
858 4415 978 4486 rapere
994 4392 1146 4488 puellam
1163 4419 1182 4467 e
1199 4396 1336 4490 propria
1354 4392 1460 4468 domo
