3282 5008
506 415 755 464 nrsrsusurrours
780 418 877 466 sorau
905 419 1184 466 insecutorum.
1441 393 1481 460 bl

201 511 346 607 exigere
380 515 489 588 soleat
517 518 619 590 etiam
646 522 924 614 experimentum
941 521 1097 594 Oratoris
1117 545 1221 614 super
1235 517 1484 600 Caereruoniis,

205 617 403 691 laciendum
429 646 472 694 ex
495 626 736 699 commissione
766 627 939 700 Ordinarii
963 649 1079 699 coram
1102 626 1164 698 SS.
1181 626 1485 703 Caerenoniarum

206 723 384 816 Magistro.

277 830 319 902 ll.
346 831 384 904 ln
409 833 605 927 huiusmodi
642 839 884 931 experimento
912 839 1091 922 faciendo,
1121 837 1255 910 attendi
1287 834 1412 906 debere
1442 830 1484 902 ad

205 932 449 1010 caeremonias
473 962 559 1032 quas
582 939 707 1013 Orator
731 943 930 1036 irregularis
954 965 1117 1036 peragere
1133 942 1199 1012 rite
1216 962 1284 1011 non
1301 937 1432 1019 valeat,
1448 947 1484 1008 et

204 1041 357 1114 maxime
388 1042 429 1114 ad
462 1045 580 1137 populi
611 1046 875 1118 admirationem
908 1059 944 1119 et
983 1045 1179 1119 scandalum
1213 1044 1305 1138 quod
1338 1041 1483 1114 excitari

202 1157 336 1236 posset,
354 1147 407 1217 vel
425 1148 466 1218 ad
483 1148 677 1241 periculum
694 1149 730 1220 in
747 1149 862 1221 Sacris
886 1151 1102 1244 peragendis.

276 1249 334 1320 lll.
361 1253 466 1324 Facto
484 1277 586 1348 super
598 1255 693 1327 hisce
706 1256 958 1348 experimento,
973 1257 1008 1326 S.
1023 1254 1330 1346 Congregationem
1344 1253 1482 1344 exigere

200 1367 244 1424 ut
267 1357 396 1427 certior
420 1359 481 1429 liat
505 1362 610 1430 etiam
636 1360 678 1433 de
705 1384 785 1432 vera
809 1363 1032 1445 necessitate,
1052 1361 1106 1432 vel
1124 1361 1276 1431 utilitate
1301 1359 1480 1430 ecclesiae.

274 1458 331 1530 tv.
357 1460 432 1548 Qua
458 1467 664 1537 necessitate
689 1465 742 1538 vel
768 1466 920 1539 utilitate
944 1468 1111 1539 ecclesiae
1136 1465 1329 1546 existente,
1349 1465 1377 1534 si
1395 1463 1480 1535 nihil

199 1565 372 1636 habeatur
389 1569 491 1641 nimis
506 1593 608 1664 grave
626 1571 718 1663 quod
734 1572 862 1656 obstet,
882 1572 917 1643 S.
934 1573 973 1643 C.
989 1597 1051 1666 pro
1068 1571 1323 1665 dispensatione
1339 1590 1482 1662 respon-

197 1670 284 1742 dere
305 1670 393 1743 solet
416 1673 477 1758 iis,
503 1678 562 1770 qui
589 1677 656 1748 iam
682 1677 724 1748 ad
749 1699 863 1748 sacros
887 1678 1027 1748 ordines
1051 1689 1133 1747 sunt
1157 1675 1306 1770 promoti
1319 1697 1331 1761 3
1355 1684 1391 1744 at
1416 1671 1471 1742 dit

199 1775 324 1846 fioilior·
347 1790 400 1849 est
423 1781 692 1874 dispensationis
716 1782 871 1876 elargitio
900 1784 935 1852 in
965 1783 1086 1854 iisdem
1112 1781 1301 1864 adiunctis,
1327 1802 1390 1875 pro
1414 1779 1475 1856 iis,

199 1881 261 1972 qui
285 1884 328 1953 ad
353 1907 467 1958 sacros
492 1890 628 1961 ordines
654 1902 735 1960 sunt
760 1889 995 1984 promovendi.

697 2169 996 2222 mmmm

323 2399 372 2504 ll
399 2401 429 2504 l.
449 2403 745 2508 tultttttttttt
771 2405 1015 2507 lllllllllllllll
1042 2405 1085 2508 ll
1111 2401 1346 2508 tutttttttt

423 2811 814 2886 coussutluattorus
838 2811 899 2883 SS.
924 2807 1244 2882 REllEMPTORlS

610 2922 755 2993 SUPER
780 2916 1059 2992 PRlVlLEGllS.

268 3109 321 3162 ote
340 3111 371 3161 tt
390 3105 467 3177 Sept.
489 3113 563 3163 1864.

270 3282 555 3348 compensatum
577 3280 685 3340 tecet.
708 3269 798 3341 Cum
824 3271 858 3339 in
883 3270 1030 3363 quadum
1048 3266 1178 3340 recenti
1196 3265 1330 3338 erudita
1348 3277 1468 3337 tracte

203 3373 294 3447 tione
310 3376 353 3446 de
369 3375 700 3468 Congregationibus
723 3374 937 3445 Clericorum
961 3372 1189 3446 saecularium
1215 3386 1338 3463 agente
1379 3373 1468 3442 inve·

198 3480 406 3572 stigaretur,
433 3504 475 3553 an
501 3483 694 3552 huiusmodi
719 3481 1009 3574 congregationes
1042 3493 1158 3551 essent
1182 3478 1324 3548 omnino
1357 3499 1467 3550 exem·

200 3597 280 3676 ptae
304 3585 347 3656 ab
367 3587 561 3680 Episcopali
587 3588 841 3671 iurisdictione,
859 3609 1008 3679 cumque
1031 3586 1234 3655 lnstitutum
1259 3583 1471 3654 Clericorum

196 3691 299 3762 SSr'r'ri
324 3690 565 3785 Redemptoris
582 3708 660 3765 vota
685 3694 854 3788 simplicia
878 3693 1113 3766 emittentium
1132 3693 1166 3760 i‘n
1185 3713 1225 3761 eo
1244 3701 1394 3761 tractatu
1421 3713 1473 3758 re-

194 3812 400 3870 censeretur
423 3800 529 3871 veluti
554 3802 751 3873 distitutnm
782 3801 1003 3893 Regularium
1032 3799 1238 3893 privilegiis,
1268 3797 1471 3890 praesertim

196 3901 264 3972 boc
286 3903 465 3996 privilegio
481 3906 711 3998 exemptionis
735 3905 779 3975 ab
806 3905 999 3998 Episcopali
1030 3903 1288 3984 iurisdictione,
1313 3901 1473 3993 Superio-

197 4029 254 4078 res
279 4010 494 4101 supradictae
511 4008 792 4102 Congregationis
816 4011 859 4080 ad
883 4009 1123 4081 declinandum
1141 4005 1318 4099 quodlibet
1336 4007 1472 4096 praeiu-

195 4113 344 4198 dicium,
359 4114 448 4187 forte
461 4140 556 4188 cneo
570 4130 720 4187 tractatu
738 4116 802 4186 sibi
821 4129 1041 4194 eventurum,
1061 4112 1279 4207 postularunt
1295 4135 1315 4181 a
1331 4111 1366 4182 S.
1381 4110 1470 4182 Sede

198 4231 237 4287 ut
261 4221 457 4312 specialiter
480 4222 730 4304 declararetur,
750 4222 1060 4313 Congregatiouem
1083 4217 1299 4289 sanctissimi
1321 4217 1472 4288 llede'm·

196 4326 306 4414 pton's
321 4349 397 4398 esse
413 4329 553 4399 omnino
577 4340 774 4421 exemptam
799 4328 842 4398 ab
865 4325 1060 4419 Episcopali
1086 4324 1342 4407 iurisdictione,
1368 4347 1473 4394 exce-

193 4431 266 4522 ptis
290 4433 426 4504 casibus
451 4435 525 4506 iure
550 4434 774 4528 excipiendis.
