3282 5008
183 419 249 489 tto
507 441 718 488 taruanensis
741 442 780 489 sn
807 443 1124 492 ncotnrrcnnmorus.

249 543 328 615 Emi
354 543 472 616 Patres
496 543 749 636 responderunt
772 543 907 626 Dilata,
924 560 957 617 ct
973 546 1018 617 od
1032 561 1203 618 mentem:
1219 569 1315 616 mens
1331 558 1399 615 est:
1415 557 1456 613 ut

178 649 346 720 scribatur
367 649 526 745 Episcopo
554 649 830 721 administratori
854 653 873 744 (
877 652 1043 724 Dioecosis
1060 651 1102 723 Β.
1108 655 1127 745 )
1145 668 1181 721 ut
1198 650 1457 723 dilucidatioaes

177 754 358 852 proebcot,
380 779 466 851 quoe
489 757 526 824 in
549 755 631 850 [olio
647 756 727 827 unt
745 755 848 828 Cord.
862 758 1023 828 Ponentis
1047 759 1199 830 indicato
1222 756 1449 852 reperiuntur.

249 857 374 931 Causas
402 885 516 930 snmus
541 884 804 930 narraturus-
821 861 870 933 Ea
894 885 982 955 quae
1007 863 1096 934 scitu
1127 862 1320 934 necessaria
1350 861 1458 952 signi·

179 966 373 1038 licabantur
396 967 430 1036 in
457 967 531 1059 ipso
564 967 669 1050 iolio,
696 991 738 1041 eo
762 969 983 1060 potissimum
1014 968 1240 1060 spectabant,
1266 979 1306 1037 ut
1334 989 1455 1058 reapse

178 1083 375 1154 constaret,
394 1094 437 1142 an
463 1072 645 1165 vectigale
666 1071 851 1166 Municipio
876 1095 982 1164 super
1005 1072 1199 1144 Molendino
1222 1073 1452 1142 constitutum

179 1177 271 1250 reolo
288 1200 355 1249 non
373 1201 455 1248 vero
478 1179 659 1270 personale
684 1179 916 1271 reputandum
941 1178 1048 1251 soret:
1068 1179 1198 1272 quippe
1223 1178 1259 1248 in
1285 1177 1454 1248 anteactis

175 1307 302 1356 causae
318 1284 610 1376 propositionibus
626 1286 792 1377 quaedam
810 1285 1091 1357 circumstantiae
1107 1284 1286 1378 expositae
1303 1281 1452 1362 lucrant,

178 1412 268 1483 quae
293 1390 380 1461 hanc
398 1413 470 1462 rem
488 1391 630 1462 minime
655 1403 873 1484 perspectam
891 1403 926 1462 et
944 1389 1162 1462 manifestam
1188 1390 1384 1462 redderent.
1409 1389 1454 1457 Aa

178 1524 260 1573 vero
285 1501 540 1593 Empltyteutae
565 1500 648 1570 illud
673 1501 744 1570 sibi·
763 1500 883 1571 statim
908 1501 1084 1591 negotium
1110 1501 1365 1579 exhibuerunt,
1392 1511 1451 1578 ut,

178 1606 311 1679 idoneis
343 1607 385 1676 ad
417 1628 490 1678 rem
521 1607 737 1677 documentis
768 1606 950 1690 deductis,
984 1606 1286 1688 demonstrarent,
1322 1603 1453 1674 nullam

178 1713 322 1785 subesse
346 1712 619 1794 dubitationem,
646 1712 735 1803 quod
754 1712 789 1781 in
807 1735 930 1794 causa,
949 1711 991 1782 de
1008 1733 1073 1803 qua
1091 1711 1278 1802 agebatur,
1306 1708 1454 1799 vectigal

179 1818 387 1910 municipale
411 1819 574 1889 oneribus
600 1817 749 1889 realibus
780 1816 1075 1890 annumerandum
1106 1817 1208 1889 iuret.
1235 1815 1459 1908 Quapropter

178 1925 394 2019 propositum
418 1923 546 1995 iterum
570 1923 636 1993 suit
660 1925 715 1994 die
735 1927 778 1993 28
797 1923 925 2017 Aprilis
949 1922 1030 1993 anni
1054 1921 1226 1995 currentis

255 2243 350 2310 «Au
382 2253 418 2314 et
442 2239 611 2335 quomodo
641 2239 872 2312 recedendum
904 2241 951 2310 sit
982 2261 1002 2310 a
1033 2239 1243 2312 resolutione
1275 2250 1377 2329 capta
1414 2236 1456 2306 ad

183 2344 410 2416 »secundum
435 2346 579 2417 dubium
603 2347 637 2416 in
663 2369 781 2418 casum

252 2451 436 2522 Resocnrto
465 2476 561 2522 ousta.
587 2493 636 2508 -
654 2453 732 2524 Eiiti
758 2452 877 2524 Patres
909 2451 1160 2544 rescripserunt
1176 2489 1201 2503 -
1221 2447 1462 2519 Recedonrlnm

179 2579 202 2626 o
225 2556 365 2638 decisis,
388 2570 420 2626 et
444 2554 552 2626 mcum
577 2580 646 2627 esse
669 2557 869 2628 detractioni
893 2571 988 2626 rotae
1011 2555 1175 2626 commodi
1198 2553 1236 2624 ia
1259 2575 1392 2622 summu
1416 2550 1465 2621 ob

183 2659 266 2734 Bao
293 2661 444 2732 Portenta
467 2659 678 2756 liquidondo.
692 2701 717 2718 -

250 2871 302 2942 Ex
329 2893 369 2940 us
393 2893 536 2942 annones.

251 2977 279 3048 l.
307 2978 359 3047 ad
384 2979 665 3071 praescribendas
695 3004 750 3052 res
774 2993 810 3054 et
834 2981 909 3052 iura
933 2979 1109 3053 Ecclesiae
1142 2977 1227 3049 satis
1262 3001 1337 3050 esse
1366 2975 1462 3048 ordi·

181 3083 278 3155 uario
302 3084 533 3156 tricenariam.

251 3189 293 3260 ll.
322 3188 553 3260 Necessarium
579 3213 655 3263 esse
686 3193 941 3276 centenariam,
967 3192 995 3263 si
1021 3190 1176 3264 Ecclesia
1206 3190 1241 3260 iu
1273 3200 1460 3261 contractu

181 3296 333 3367 ineundo
358 3296 448 3366 laesa
473 3295 591 3368 iuerit.

251 3400 309 3470 lll.
337 3401 375 3471 ln
399 3401 491 3472 hunc
508 3425 647 3474 sensum
664 3405 898 3498 accipiendam
917 3428 991 3479 esse
1010 3404 1131 3477 Const.
1150 3403 1277 3475 Urbani
1295 3399 1384 3474 Vlll.
1406 3400 1459 3470 in-

180 3506 306 3600 cipian.
333 3505 505 3577 Romaanus
529 3508 689 3604 Pontifex
712 3511 776 3581 hac
799 3535 903 3604 super
928 3535 963 3583 re
988 3520 1198 3583 emanatam.

249 3611 301 3682 lV.
321 3612 523 3685 Laesioncm
542 3627 695 3707 tempore
709 3618 786 3688 initi
799 3629 997 3689 contractus
1009 3609 1458 3707 acceptam,comprobandi

181 3740 270 3790 onus
294 3717 468 3790 Ecclesiae
493 3720 705 3794 incumbere.

251 3823 293 3894 V.
320 3825 428 3897 Ratae
452 3828 623 3899 commodi
657 3828 841 3901 retentioni
872 3827 988 3900 locum
1013 3827 1147 3899 esseio
1173 3826 1335 3899 omnibus
1360 3823 1458 3893 intri-

181 3931 384 4004 butionibus
408 3933 579 4018 realibus,
605 3934 677 4008 sive
710 3959 771 4008 eae
795 3959 815 4007 a
839 3935 999 4027 Principe
1031 3956 1212 4027 supremo,
1239 3933 1312 4004 sire
1336 3952 1356 4001 a
1380 3952 1461 4024 pro·

183 4039 316 4110 vinciae
340 4037 516 4122 Pmeside‚
542 4041 616 4112 sive
639 4065 659 4112 a
685 4043 885 4134 Magistratu
911 4041 1108 4135 municipali
1134 4041 1342 4112 indicantur.

181 4175 262 4230 tertio
287 4189 367 4230 causa
396 4174 569 4246 disceptanda
588 4193 618 4232 ex
637 4195 719 4234 norae
745 4196 794 4234 att·
844 4179 886 4234 sio
904 4186 945 4234 est
961 4183 995 4233 In
1009 4175 1298 4248 paucularum
1316 4173 1461 4228 locoderi·

181 4259 299 4315 dientiae
321 4257 449 4315 beneflcio
473 4270 653 4330 proponatur,
678 4263 793 4319 iorntula
845 4267 893 4332 aa,
907 4271 1093 4333 proutnempe
1105 4263 1237 4318 sententia
1255 4259 1339 4331 prima
1351 4259 1404 4314 tice
1419 4255 1462 4312 rai

183 4343 249 4400 hacc
264 4352 314 4400 est.
328 4351 370 4398 An
384 4347 423 4399 stt
439 4347 571 4400 standum
585 4349 614 4400 tn
629 4351 732 4418 primo,
753 4348 797 4404 ael
845 4347 963 4406 secunda
976 4349 1046 4404 edita
1057 4347 1244 4404 confirmetur.

179 4430 302 4486 secundo
310 4429 485 4484 locodectdn.
497 4431 605 4486 Panum
616 4448 677 4487 vero
688 4449 795 4503 respon·

654 4535 995 4585 *mma-
