3248 5004
202 407 250 476 70
701 422 979 470 orsrutaurtosurt.

274 527 388 618 Quoto
403 552 537 609 orturus
555 553 682 599 cuatus.
706 525 965 599 Observabatur
980 525 1070 598 circa
1087 526 1247 620 quintum
1264 525 1409 598 dubium
1426 549 1482 599 re·

203 637 373 709 visionem
386 636 560 706 rationum
574 634 748 704 redituum
766 631 1006 724 capitularium
1034 631 1278 724 comprehendi
1292 632 1383 703 inter
1398 653 1482 702 cau·

201 764 260 812 sas
277 741 455 812 abesseudi
469 763 488 810 a
502 740 607 811 choro
623 750 660 810 et
672 737 882 831 percipiendi
895 737 1157 810 distributiones
1185 738 1281 808 iuxta
1292 737 1480 810 Decretum

202 845 369 918 Bonifatii
384 845 471 917 Vlll.
482 845 573 916 llaec
587 845 679 916 enim
693 843 819 914 revisio
831 854 965 936 spectat
978 842 1019 912 ad
1034 841 1215 913 utilitatem
1232 840 1401 914 amictiae.
1418 841 1481 914 Ec-

202 951 307 1028 clesia
320 950 425 1032 enim,
440 950 537 1019 iuxta
550 949 640 1021 idem
654 947 853 1027 Decretum,
868 971 907 1019 ea
922 947 1127 1040 intelligitur
1139 949 1182 1020 de
1202 949 1299 1020 cuius
1314 946 1481 1019 distribu-

204 1057 358 1128 tionibus
369 1055 601 1149 percipiendis
617 1053 996 1147 quaeritur.Fagnanus
1011 1050 1139 1124 loccit.
1153 1077 1189 1122 a.
1205 1057 1281 1123 160.
1295 1052 1384 1124 Cum
1398 1074 1480 1144 ergo

201 1163 355 1234 dubitari
379 1183 447 1234 non
473 1161 584 1255 possit
608 1160 785 1252 negotium
811 1183 887 1231 esse
903 1159 1073 1251 Capituli,
1091 1160 1245 1251 adeoque
1261 1171 1296 1232 et
1312 1158 1479 1232 ecclesiae

201 1269 423 1363 capitularis,
442 1283 482 1338 ut
506 1279 599 1339 recte
623 1266 789 1359 procedat
813 1265 983 1337 bonorum
1008 1265 1116 1357 ipsius
1140 1266 1413 1348 administratio,
1440 1277 1479 1334 ut

201 1377 348 1448 statutis
362 1375 576 1467 temporibus
605 1372 755 1444 rationes
771 1384 930 1465 peractae
947 1373 1254 1444 administrationis
1271 1372 1458 1443 reddantur
1465 1393 1478 1456 3

203 1505 273 1553 nou
299 1479 476 1551 immerito
501 1477 703 1561 Canonicis‚
729 1479 789 1571 qui
817 1479 977 1559 revisioni
1002 1477 1175 1549 rationum
1200 1501 1219 1548 a
1244 1475 1404 1570 Capitulo
1421 1477 1479 1548 de·

203 1589 392 1670 stinantur,
412 1585 574 1658 videntur
597 1583 715 1658 deberi
740 1585 1002 1656 distributiones
1028 1596 1182 1675 tempore
1207 1584 1396 1666 absentiae,
1416 1606 1479 1654 ceu

203 1693 241 1764 S.
252 1691 479 1786 Congregatio
496 1691 614 1762 docuit
628 1691 666 1760 in
675 1690 920 1761 Panormitano
934 1690 1018 1759 ocni
1035 1688 1193 1760 158811
1214 1690 1345 1761 Decret.
1357 1713 1393 1782 p.
1415 1692 1478 1759 tot

204 1811 325 1891 aperte
341 1797 535 1869 declarans:
552 1795 675 1867 Deleri
690 1795 816 1867 oratori
832 1795 1081 1866 distributiones
1096 1796 1307 1890 quotidianos
1318 1819 1381 1890 pro
1397 1809 1481 1865 tem·

203 1926 365 2000 porequo
381 1901 582 1998 111111ίυὶ1
602 1925 666 1997 pro
690 1902 830 1996 repotiis
856 1899 1015 1996 Capituli.
1043 1901 1095 1971 Ad
1121 1913 1258 1996 tempus
1283 1924 1362 1972 vero
1386 1899 1480 1993 quod

204 2009 335 2081 attinet
365 2009 668 2081 determinandum
692 2030 755 2100 pro
778 2009 973 2080 huiusmodi
1006 2007 1153 2100 negotiis
1184 2007 1479 2100 impendendum,

204 2116 358 2187 officium
382 2137 458 2188 esse
482 2113 653 2187 Ordinarii
678 2113 714 2186 S.
733 2112 960 2208 Congregatio
983 2114 1120 2186 censuit
1144 2115 1179 2182 in
1204 2111 1482 2206 &podismatici

209 2222 299 2292 1139
329 2218 387 2290 lib.
416 2223 435 2291 t
465 2219 598 2292 Decret.
625 2243 663 2315 p.
690 2223 771 2291 287.
802 2221 1090 2313 archiepiscopus
1117 2242 1219 2312 porro
1244 2221 1279 2290 in
1307 2220 1480 2313 praesenti

205 2350 309 2398 causa
333 2327 532 2420 quindecim
556 2326 630 2400 dies
654 2327 738 2398 satis
762 2350 837 2399 esse
861 2327 1017 2420 putabat.

277 2433 390 2521 Quoto
407 2455 530 2504 srxrnu
548 2457 676 2505 nostor.
695 2432 914 2521 Quaerebant
930 2433 1115 2518 Cauonici,
1134 2456 1177 2505 an
1195 2434 1322 2507 lucrari
1348 2436 1483 2529 possint

205 2539 469 2613 distributiones
485 2541 703 2632 quotidianas
719 2540 786 2623 illi,
804 2540 864 2633 qui
891 2544 980 2610 intra
1006 2541 1184 2633 paroeciae
1212 2542 1299 2614 lines
1326 2543 1484 2614 ministe-

206 2649 299 2716 rium
325 2644 591 2738 praedicationis
623 2658 797 2718 exercent.
823 2645 890 2716 Pro
918 2645 1123 2717 affirmativa
1158 2647 1330 2719 sententia
1364 2671 1483 2742 repor-

207 2753 330 2835 tanda,
364 2752 566 2824 asserebant
590 2775 707 2824 curam
731 2752 924 2824 animarum
949 2753 1100 2824 residere
1124 2776 1231 2847 penes
1254 2753 1480 2848 Capitulum,

206 2859 264 2929 cui
289 2857 474 2930 assertioni
499 2870 614 2930 tamen
641 2858 930 2952 Archicpiscopus
954 2857 1203 2951 refragabatur.
1228 2859 1355 2931 Verum
1372 2883 1415 2930 eu
1435 2862 1484 2956 ⁰[·

206 2963 283 3056 ficio
306 2961 573 3047 observabatur,
596 2963 672 3036 heic
696 2964 751 3056 agi
767 2964 809 3035 de
826 2964 1018 3036 ministerio
1035 2965 1253 3056 praedicandi
1270 2965 1366 3039 verbi
1392 2967 1481 3049 Dei,

207 3066 299 3159 quod
323 3066 555 3140 ministerium
579 3067 751 3138 adnexum
772 3089 841 3140 non
858 3080 933 3139 erat
948 3068 1174 3162 praebendae.
1193 3065 1306 3156 Quare
1326 3071 1423 3141 iuxta
1440 3095 1482 3142 ea

205 3193 297 3263 quae
313 3170 419 3241 tradit
432 3170 613 3264 Fagoanus
630 3195 674 3244 ex
690 3171 845 3244 doctrina
857 3172 893 3245 S.
903 3173 1185 3268 Congregationis
1201 3174 1263 3246 loc.
1277 3177 1335 3247 eit.
1351 3199 1385 3245 u.
1402 3183 1480 3248 tlt.

206 3277 373 3350 Canonici
400 3277 554 3371 legentes
578 3278 632 3350 vel
662 3280 933 3353 sermocinantes
958 3281 1025 3351 frui
1050 3305 1119 3353 non
1149 3282 1278 3355 debent
1308 3284 1483 3360 distribu-

208 3383 383 3467 tionibus,
408 3382 492 3456 licet
515 3383 649 3472 fructus
673 3385 944 3477 praebendarum
970 3387 1132 3481 consequi
1149 3410 1219 3458 non
1237 3389 1480 3483 impediantur.

277 3486 389 3575 Quoto
406 3513 560 3560 serratus
578 3513 706 3560 nusrur.
726 3492 777 3561 Ad
795 3492 957 3564 tuendam
976 3494 1342 3588 consuetudinemque
1371 3495 1483 3569 Cano-

208 3593 276 3664 nici
301 3595 555 3667 examinatores
571 3595 753 3690 synodales
791 3598 1054 3671 distributiones
1078 3600 1316 3692 percipiebant
1355 3602 1437 3672 dum
1462 3628 1483 3675 1

206 3700 312 3770 choro
333 3699 494 3772 abessent
514 3701 555 3771 ad
581 3702 826 3774 examinandos
842 3702 1058 3776 Ordinandos
1105 3727 1279 3798 novosque
1303 3706 1484 3781 Confessa-

207 3807 278 3876 rios
302 3806 541 3899 approbandos
578 3822 651 3879 tum
670 3808 956 3902 Archiepiscopus
974 3822 1048 3880 tum
1066 3810 1266 3904 Capitulum
1288 3813 1484 3886 inniteban-

207 3925 267 3981 tur
290 3913 509 3995 necessitati,
536 3936 603 4006 qua
628 3913 702 3984 fieri
728 3915 868 4006 nequit,
895 3915 1052 4000 aiebant,
1071 3931 1111 3988 ut
1134 3917 1192 3988 alii
1217 3919 1308 3991 inter
1331 3919 1484 3993 Clericos

208 4017 251 4088 ad
278 4039 404 4088 munus
429 4019 704 4089 examinatorum
728 4034 998 4092 assumerentur.

280 4123 405 4195 Verum
430 4124 790 4205 animadvertebatur,
810 4124 891 4197 licet
908 4125 1057 4198 Bar-bosa
1082 4129 1116 4198 in
1134 4152 1197 4202 suo
1218 4152 1322 4223 opere
1346 4132 1397 4204 lle
1420 4133 1484 4205 Co·

204 4251 286 4297 noa.
305 4242 336 4298 et
353 4227 446 4321 dipc.
460 4252 534 4325 cop.
550 4233 593 4300 11
612 4253 647 4299 a.
667 4237 701 4312 9,
721 4243 756 4302 et
773 4231 913 4301 Zacbias
929 4232 980 4303 ll'c
996 4233 1097 4302 resid.
1113 4233 1240 4304 Eccles.
1261 4236 1312 4305 tit.
1333 4237 1486 4308 (111111-

204 4333 310 4428 ficiat.
328 4357 365 4403 a.
387 4337 427 4406 13
444 4335 612 4417 doceant,
631 4336 896 4420 examinatores
914 4339 973 4429 qui
991 4361 1093 4408 causa
1119 4341 1289 4411 examinis
1313 4342 1440 4413 absunt
1463 4367 1486 4414 a

205 4441 324 4524 choro,
335 4440 482 4533 gaudere
498 4439 817 4526 distributionibus3
835 4454 986 4513 attamen
1012 4445 1208 4518 huiusmodi
1224 4462 1484 4541 perceptionem
