3248 5004
162 353 210 423 Ἢ)
454 375 620 426 llllbhll'ss·
641 375 820 424 ltttttlotttt
837 375 878 424 EX
895 377 1002 426 cattas
1020 379 1150 429 taetus,

162 476 283 548 exalet
306 487 456 571 oportet.
475 477 541 566 Qui
560 489 728 550 tractatus
744 479 773 550 si
789 478 953 552 effectum
976 480 1088 554 sortiti
1106 505 1175 556 non
1192 481 1327 556 lucrant
1342 485 1433 582 aptud

164 594 312 676 patrem,
330 582 423 654 bunc
436 584 550 656 sortiti
567 597 650 655 sunt
666 584 758 677 apud
773 596 937 658 matrem.

234 688 302 760 Sed
325 688 475 760 admisso
496 691 601 761 etiam
626 713 689 784 per
712 686 1033 784 hypothesiminitio
1055 707 1198 788 raptus,
1216 695 1433 790 purificatum

163 799 257 868 hune
274 819 348 868 esse
365 796 546 880 censebat,
563 796 768 889 praesertim
784 820 828 867 ex
840 819 886 870 eo
903 797 997 891 qued
1011 799 1134 873 mulier
1150 814 1308 894 separata
1324 802 1435 876 luerat

163 925 185 972 a
208 901 403 994 Sempronii
419 913 609 993 potestate,
629 902 717 973 etin
737 901 813 974 leco
833 915 910 975 tuto
931 903 1041 976 libera
1061 918 1248 979 manserat.
1267 907 1338 979 lloc
1357 932 1436 981 eve·

164 1008 259 1079 nisse
274 1006 520 1090 contendebat,
533 1019 610 1078 tum
625 1007 661 1077 in
679 1007 802 1080 itinere
815 1031 884 1101 quo
896 1031 978 1081 cum
991 1012 1115 1082 ceteris
1126 1035 1348 1085 communem
1361 1038 1437 1086 cur-

164 1135 243 1183 rum
259 1112 399 1195 babuit,
413 1113 448 1183 in
466 1135 535 1207 quo
553 1113 661 1184 valuit
676 1114 783 1184 ctiam
799 1113 910 1185 virum
928 1139 948 1188 e
965 1139 1029 1187 suo
1045 1130 1230 1212 conspectu
1250 1121 1436 1212 expellere,

167 1233 243 1289 tum
269 1219 304 1288 in
329 1237 390 1289 sun
407 1217 550 1290 civitate
574 1240 679 1311 quam
696 1218 805 1290 libere
825 1221 947 1312 petiit,
966 1234 1043 1292 tum
1060 1222 1094 1291 in
1118 1223 1330 1308 diversorio,
1347 1225 1437 1318 quod

165 1322 276 1397 libere
292 1324 398 1417 elegit
414 1335 455 1394 ut
478 1323 666 1397 declinaret
682 1325 793 1417 patris
816 1325 923 1411 iram,
944 1327 980 1397 in
998 1349 1068 1421 quo
1090 1329 1295 1403 educatrieis
1319 1330 1438 1424 iugum

166 1431 321 1503 excussit
337 1433 475 1524 quoties
492 1430 615 1515 voluit,
635 1443 674 1502 ut
690 1453 770 1503 cum
788 1433 830 1504 ad
848 1432 1134 1506 iurisconsultum
1150 1437 1298 1509 accessit
1314 1450 1382 1509 ete.

235 1537 356 1632 'Neque
373 1539 513 1610 demum
532 1538 566 1609 in
583 1538 656 1631 ipsa
673 1538 885 1610 matrimonii
901 1540 1134 1613 celebratione
1150 1543 1256 1613 ullam
1272 1543 1345 1613 vim
1369 1543 1441 1615 sive

167 1645 338 1741 phisicam
372 1645 445 1718 sive
476 1643 640 1716 moralem
675 1644 912 1719 intercessisse
939 1646 1258 1733 animadvertebat,
1293 1649 1374 1740 quia
1407 1663 1442 1720 et

168 1752 314 1845 Agnetis
330 1763 431 1844 pater
442 1749 613 1833 adstabat,
633 1762 669 1822 et
687 1751 760 1843 ipsa
772 1749 882 1823 libere
897 1774 1087 1824 consensus
1103 1751 1200 1844 signa
1216 1754 1403 1847 praestitit.

239 1858 417 1930 Postremo
434 1857 648 1952 proponebat
664 1857 921 1929 canonistarum
937 1857 1129 1929 doctrinam
1153 1858 1351 1930 docentium
1364 1879 1443 1950 qun-

168 1961 385 2036 driennalem
410 1963 703 2035 cohabitationem
727 1963 915 2056 plusquam
929 1963 1013 2034 satis
1030 1987 1107 2037 esse
1124 1963 1168 2035 ad
1184 1965 1444 2035 matrimonium

172 2069 451 2152 ratihabendum,
464 2069 601 2162 quoties
615 2069 803 2141 invalidum
816 2092 860 2141 ex
873 2071 907 2139 vi
921 2080 958 2142 ct
970 2083 1066 2142 metu
1077 2081 1295 2143 contractum
1306 2068 1442 2142 luisset.

173 2176 316 2248 Etenim
340 2189 413 2247 tam
437 2174 600 2247 diuturna
623 2175 715 2246 vitae
735 2175 950 2248 consuetudo
971 2175 1104 2247 inducit
1128 2177 1444 2270 praesumptionem

170 2283 258 2352 iuris
274 2282 369 2354 etde
391 2281 465 2353 iure
507 2281 689 2353 mulierem
711 2281 819 2353 libere
835 2280 1063 2354 consensisse.
1091 2281 1163 2354 lmo
1181 2302 1262 2353 cum
1283 2303 1445 2373 praesens

169 2388 371 2480 coniugium
387 2388 484 2460 iuxta
500 2387 646 2460 formam
663 2388 887 2460 tridentinam
899 2388 1113 2460 celebratum
1130 2400 1189 2471 sit,
1209 2387 1295 2482 ipsis
1311 2388 1445 2459 actibus

170 2492 411 2588 coniugalibus
426 2492 584 2567 sinealin
600 2493 723 2575 ferma,
754 2493 861 2566 ctiam
887 2493 1052 2566 exteriori
1080 2494 1307 2566 revalidatum
1333 2515 1446 2566 oense

172 2600 255 2685 bat,
278 2600 483 2692 praesertim
500 2620 581 2670 cum
605 2611 679 2671 teto
708 2598 926 2692 quatriennin
951 2599 1067 2691 Agnes
1089 2612 1208 2670 centra
1232 2598 1444 2670 matrimonii

173 2703 349 2776 vinculum
368 2725 544 2796 nunquam
560 2704 812 2777 reclamaverit.

243 2809 400 2881 [insessio
425 2810 567 2880 Anseris
591 2833 649 2880 ane
673 2833 853 2880 aarcruomr
878 2831 1064 2880 seccanae.
1092 2847 1142 2864 -
1170 2807 1198 2880 Ε
1227 2820 1348 2882 contra
1375 2831 1442 2878 mu·

173 2917 269 2989 lieris
292 2914 418 2990 Orator
433 2913 666 2987 contendebat
688 2915 870 2987 ostendere
896 2913 1107 2986 matrimonii
1124 2913 1335 2996 nullitatem,
1355 2936 1448 3006 prae

172 3023 302 3096 sertim.
313 3045 357 3096 ex
369 3021 482 3115 capite
496 3034 627 3114 raptus.
642 3020 948 3094 Animadvertebat
960 3021 1130 3114 Agnetem
1143 3020 1250 3093 luisse
1262 3021 1447 3092 abductam

172 3127 309 3200 deloco
325 3128 367 3200 ad
384 3126 513 3210 lecum,
527 3139 564 3199 et
580 3139 705 3219 raptus
716 3126 1005 3218 impedimentum
1022 3127 1137 3199 lecum
1153 3125 1293 3208 habere,
1310 3126 1445 3198 etiamsi

175 3233 304 3306 mulier
320 3234 435 3328 raptui
459 3233 703 3305 consensisset.
723 3232 864 3304 Etenim
888 3233 1027 3331 quando
1056 3255 1124 3305 non
1148 3234 1359 3326 praecedunt
1381 3244 1449 3302 tra·

173 3355 292 3413 etatus
304 3342 347 3413 de
364 3340 586 3413 matrimonio
601 3339 849 3420 contrahendo,
867 3361 930 3411 seu
945 3339 1130 3431 sponsalia,
1145 3340 1174 3410 si
1188 3337 1313 3411 mulier
1328 3351 1449 3412 eontra

174 3472 235 3521 eos
251 3448 316 3520 sub
333 3469 480 3537 quornm
498 3458 671 3540 potestate
688 3458 798 3528 extat,
818 3444 1010 3518 voluntarie
1026 3446 1131 3519 etiam
1147 3445 1350 3528 abducatur,
1364 3446 1450 3516 haec

175 3555 337 3626 voluntas
352 3553 585 3648 praesumitur
611 3564 747 3624 extorta
772 3551 951 3622 fraudibus
977 3567 1013 3624 et
1041 3551 1354 3623 machinationibus
1369 3551 1448 3633 viri,

174 3673 213 3732 et
228 3660 307 3732 ideo
322 3681 402 3731 cum
418 3659 543 3729 iniuria
559 3659 731 3750 irmgetur·
747 3669 820 3727 tum
835 3657 902 3751 ipsi
914 3657 1065 3740 rnulieri,
1079 3669 1155 3728 tum
1168 3658 1212 3728 iis
1223 3656 1289 3728 sub
1300 3678 1449 3748 quorum

176 3775 350 3858 potestate
366 3763 490 3835 mulier
507 3776 572 3845 est,
590 3763 788 3835 verificatur
804 3763 892 3834 ratio
919 3774 1050 3855 raptus.
1068 3760 1306 3833 confirmabat
1333 3775 1449 3833 autem

176 3872 266 3942 hanc
282 3868 475 3941 doctrinam
490 3869 699 3940 auctoritate
711 3868 812 3939 Card.
823 3864 1232 3962 lleLneapur.2discept.
1246 3871 1266 3936 a
1278 3866 1320 3937 de
1332 3866 1450 3936 mutri-

176 3999 269 4046 rnen.
289 3979 330 4045 l0
347 3988 379 4045 et
394 3997 481 4070 sqq,
499 3974 725 4066 aliorumque.
737 3972 944 4045 Praesertim
967 3993 1050 4044 vero
1070 3972 1296 4064 sequentibus
1321 3971 1449 4044 resolu-

176 4081 333 4152 tionibus
348 4079 385 4150 S.
403 4078 512 4172 Cnng.
530 4078 572 4150 C.
590 4076 678 4150 Cum
697 4079 789 4150 enim
812 4078 924 4150 eidem
941 4077 1208 4170 congregationi
1232 4077 1451 4170 propositum

176 4187 303 4258 fuisset
327 4186 496 4257 dubium:
523 4207 567 4256 an
593 4196 747 4277 raptores
763 4183 949 4254 mulierum
965 4204 1054 4274 quae
1071 4183 1186 4274 raptui
1198 4183 1449 4263 consenserint,

175 4292 516 4385 comprehendantur
530 4291 644 4382 quoad
662 4311 807 4383 poenam
825 4301 860 4360 ct
878 4288 1090 4360 matrimonii
1106 4287 1376 4382 prohibitionem
1393 4287 1452 4359 de·

176 4411 274 4470 creto
298 4396 444 4469 Concilii
470 4395 663 4468 Tridentini
680 4417 753 4489 cup.
774 4401 793 4464 ti
812 4417 891 4466 sesa.
911 4397 954 4462 ll
972 4392 1014 4464 de
1030 4393 1329 4485 refermmntrim.
1348 4393 1452 4465 Sacra
