3282 5008
196 423 261 491 tab
475 443 554 490 osca
584 441 737 491 conones.
754 442 1140 491 s.esnsorcrrrnerttn.

262 545 319 616 lll.
348 546 441 619 lnter
463 547 679 620 conditiones
696 546 872 620 iterabiles
888 546 1059 620 recenseri
1077 543 1201 618 debere
1226 542 1462 616 visitationem

191 651 387 736 Ecclesiae,
414 653 443 724 si
469 653 620 726 visitatio
644 654 855 747 praescripta
879 653 938 723 sit.

259 757 316 826 lV.
342 756 488 829 Nomine
520 772 637 832 autern
663 759 871 830 visitationis
898 756 1045 850 intelligi
1077 753 1252 830 accessum
1276 755 1317 826 ad
1342 753 1461 825 locum

188 884 324 933 sacrum
351 885 394 934 ex
419 863 486 935 lide
510 877 547 936 et
571 864 736 956 religione
760 863 1002 957 procedentem
1019 885 1098 935 cum
1117 862 1305 933 intentione
1330 859 1462 930 ibidem

186 967 321 1039 colendi
347 969 457 1042 Deum
482 971 538 1042 vel
561 973 597 1040 in
622 993 659 1043 se
685 971 778 1064 ipso,
804 969 859 1043 vel
884 971 919 1040 in
943 969 1058 1062 aliquo
1082 969 1221 1041 Sancto.

258 1075 298 1146 V.
326 1075 440 1163 Quare
463 1078 679 1170 aequiparari
697 1100 764 1147 non
782 1089 927 1170 possunt
952 1075 1169 1146 visitationes
1192 1073 1259 1146 loci
1282 1073 1386 1153 sacri,
1406 1095 1456 1145 re·

187 1182 331 1272 petitis,
363 1183 398 1251 in
426 1182 548 1255 eodem
580 1205 678 1254 sacro
703 1181 797 1267 loco,
824 1181 1008 1276 precibus,
1034 1180 1179 1273 singulis
1205 1178 1464 1250 visitation'bus

187 1287 487 1378 respondentibus.

259 1393 312 1462 Vl.
341 1393 558 1486 Proindeque
591 1394 694 1464 sicuti
718 1395 777 1467 ille
802 1417 870 1466 non
896 1395 1109 1466 satisfaceret
1132 1393 1351 1487 praescriptis
1377 1393 1460 1463 risi·

186 1499 388 1581 talionibus,
403 1499 463 1590 qui
480 1511 615 1569 tuntum
633 1522 730 1569 suam
748 1503 979 1592 praesentiam
997 1502 1119 1572 iterato
1133 1499 1314 1571 exhiheret
1330 1498 1363 1566 in
1394 1521 1462 1572 oco

185 1626 281 1674 sacro
306 1604 389 1696 quin
414 1602 548 1676 debitas
572 1603 733 1676 funderet
757 1627 900 1697 preces3
918 1606 965 1677 ita
982 1631 1001 1678 e
1018 1617 1137 1676 contra
1153 1605 1241 1674 ulter
1265 1626 1331 1674 non
1357 1605 1459 1674 satis·

185 1709 313 1780 faceret
338 1709 416 1800 qui,
443 1731 512 1780 uno
537 1709 579 1778 ad
604 1731 741 1778 sacrum
765 1709 878 1781 locum
905 1733 1062 1793 accessu,
1081 1709 1238 1803 pluribus
1263 1709 1464 1781 accessibus

187 1813 436 1904 respondentes
467 1833 586 1906 preces
618 1813 842 1906 persolveret.
873 1811 1065 1906 Utramque
1097 1835 1178 1904 ergo
1211 1813 1316 1882 simul
1347 1815 1465 1907 repeti

189 1918 305 1990 debet.
