3248 5004
165 440 210 510 di
363 461 526 510 nccaaroa
545 461 726 511 rnoutccnr.
745 462 841 512 soret
861 462 909 511 rto
926 461 1040 511 exsec.
1058 461 1087 511 a.
1104 462 1231 512 roserat.

620 622 748 695 UlllllS
772 622 833 694 ET
858 621 988 695 ORBlS

199 721 232 770 at
251 715 360 787 Aprtttc
378 721 457 772 root.

234 875 421 948 Decimus.
450 875 571 950 «Cum
603 879 639 948 in
670 876 860 970 patrocinio
885 875 920 946 S.
940 875 1074 970 losephi
1099 877 1221 970 Sponsi
1246 877 1286 946 Β.
1314 875 1444 950 blariac

165 983 316 1077 Virginis
354 985 505 1055 maxima
529 982 663 1077 Populo
686 982 884 1054 Christiano
909 981 1094 1051 iuvaminis
1117 994 1154 1052 et
1177 982 1337 1074 praesidii
1362 1004 1444 1074 spes

165 1089 200 1158 in
217 1089 292 1162 dies
308 1087 491 1181 effulgeat,
510 1088 732 1160 Sancrrssnrus
748 1089 892 1159 Doaruus
909 1085 1036 1156 Nosrsa
1052 1087 1130 1158 Pius
1146 1088 1227 1158 Ριιι
1246 1088 1303 1158 ΙΧ.
1321 1109 1445 1181 quam·

165 1193 317 1286 plurium
333 1192 504 1266 Fidelium
529 1195 619 1266 votis
643 1194 796 1284 benigue·
817 1214 986 1275 annuens,
1003 1213 1066 1284 per
1086 1192 1307 1286 Rescriptum
1324 1195 1442 1265 Secre-

167 1299 274 1370 tariac
298 1299 460 1370 Brevium
478 1300 534 1372 die
555 1303 596 1369 ta
615 1298 702 1371 lunii
724 1302 826 1380 1855,
849 1299 1023 1370 concessit
1044 1298 1206 1369 omnibns
1228 1299 1444 1370 Christifide·

167 1401 259 1473 libus
283 1403 528 1497 peragentibus
553 1405 688 1495 integro
705 1404 822 1475 Mense
838 1401 960 1474 Martio
984 1403 1080 1496 pimn
1105 1405 1322 1486 exercitium,
1350 1405 1443 1496 quod

168 1509 202 1577 in
221 1507 324 1578 Libro
349 1507 480 1580 Romae
505 1510 673 1601 impresso
697 1509 895 1580 continetur
918 1509 974 1580 cui
1001 1509 1142 1578 titulus:
1172 1507 1446 1580 considerationi

167 1612 254 1683 delle
270 1614 361 1683 virtit
376 1611 431 1684 dcl
448 1613 484 1686 S.
501 1612 681 1684 Patricrcc
699 1611 866 1707 Gittseppc
881 1633 902 1681 a
917 1610 1102 1705 dediccrqli
1117 1613 1143 1682 il
1161 1611 1249 1684 Mese
1265 1614 1299 1683 di
1316 1614 1446 1684 Marso:

168 1718 420 1811 indulgentiam
445 1731 641 1791 tercentum
665 1718 799 1789 diemm
824 1716 980 1809 quolibet
1004 1716 1078 1796 die,
1105 1717 1292 1809 plenariam
1310 1742 1390 1790 vero
1406 1721 1445 1788 in

167 1847 237 1895 uno
260 1824 396 1896 dierum
420 1824 547 1896 Mensis
564 1824 605 1894 ad
622 1823 804 1894 arbitrium
829 1824 1004 1916 eligendo,
1030 1845 1100 1916 quo
1125 1824 1271 1895 confessi
1289 1837 1324 1894 et
1339 1825 1446 1896 Sacra

166 1926 418 2000 Communione
446 1928 568 2000 relecti
594 1930 690 1999 iuxta
715 1927 865 2000 Mentem
890 1927 1100 1998 Seuerianus
1123 1928 1205 1998 Sora
1231 1931 1445 2000 oraverint.»

243 2033 370 2105 «Nunc
394 2056 476 2106 vero
502 2033 595 2104 ldem
611 2034 850 2116 Santissimus,
868 2047 909 2105 ut
926 2057 1005 2126 erga
1023 2047 1159 2105 tantum
1177 2035 1363 2106 coelestem
1381 2036 1448 2106 Pa-

167 2151 308 2211 tronum
339 2139 478 2210 devotio
510 2140 619 2232 magis
649 2141 826 2233 magisque
859 2152 1045 2231 augeatur,
1080 2153 1116 2213 et
1149 2138 1206 2210 illa
1234 2142 1448 2234 precationis

168 2244 351 2316 methodus
368 2244 502 2315 facilius
520 2267 560 2315 ac
578 2245 682 2315 latius
697 2256 920 2337 propagetur,
941 2247 974 2314 in
995 2245 1180 2317 Audientia
1196 2246 1262 2318 diei
1282 2251 1325 2316 tt
1346 2248 1447 2338 Apri-

167 2348 210 2420 lis
232 2353 320 2420 1865
337 2349 456 2420 habita
480 2348 523 2419 ab
548 2349 768 2442 infrascripto
783 2348 955 2420 Cardinali
973 2350 1166 2432 Praefecto,
1186 2350 1377 2422 clementer
1393 2354 1448 2421 in·

167 2453 274 2524 dulsit
290 2464 330 2523 ut
349 2454 487 2525 easdem
513 2452 745 2544 indulgentias
768 2454 920 2523 universi
945 2453 1193 2526 Christiiideles
1218 2455 1341 2526 lucrari
1367 2479 1441 2549 pos·

168 2559 251 2642 sint,
269 2558 457 2629 dummodo
473 2557 569 2650 pium
586 2556 725 2650 aliquod
751 2579 891 2649 precum
908 2579 947 2628 ac
965 2559 1134 2628 virtutum
1158 2562 1363 2632 exercitium
1383 2584 1444 2653 per

168 2665 342 2756 integrum
375 2685 530 2734 mensem
555 2661 717 2733 llartium
741 2663 951 2755 peregerint,
978 2665 1020 2734 ad
1049 2666 1159 2734 instar
1191 2664 1326 2737 illarum
1356 2690 1449 2759 quae

168 2768 285 2839 llense
309 2767 397 2839 blaio
421 2766 457 2837 in
482 2766 649 2838 honorem
664 2764 705 2835 B.
724 2766 770 2837 Μ.
789 2765 829 2837 V.
849 2767 961 2839 solent
986 2767 1156 2860 persolvi,
1183 2783 1319 2841 serrato
1340 2773 1374 2840 in
1394 2795 1450 2844 re·

168 2871 272 2964 liquis
296 2883 417 2944 tenore
442 2871 574 2963 primae
607 2871 851 2942 concessionis.
880 2871 1063 2964 voluitque
1096 2872 1271 2944 Sauerrrrs
1294 2873 1357 2943 Sor
1383 2874 1450 2944 has

170 2977 403 3070 indulgentias
434 2977 615 3048 animabus
644 2976 813 3048 Fidelium
846 2976 1086 3050 defunctorum
1112 3002 1174 3072 per
1202 2979 1343 3049 modum
1375 2980 1450 3050 sus·

169 3082 268 3176 fragii
298 3105 399 3175 posse
431 3083 616 3178 applicari,
641 3094 679 3154 ct
703 3084 880 3177 perpetuis
912 3083 1039 3154 suturis
1070 3084 1284 3176 temporibus
1316 3084 1450 3178 absque

169 3185 238 3257 ulla
262 3186 382 3258 Rrevis
407 3186 627 3280 expeditione
651 3186 852 3258 valituras.»

242 3289 401 3360 «Datum
425 3290 556 3362 Romae
581 3314 624 3363 ex
648 3290 840 3363 Secretaria
857 3291 892 3362 S.
907 3290 1191 3384 Congregationis
1216 3291 1446 3386 indulgentia·

171 3415 248 3465 rum
272 3393 328 3465 die
352 3397 396 3463 27
423 3395 552 3487 Aprilis
580 3398 704 3466 1865.»

439 3497 498 3568 Fr.
517 3501 680 3571 Anacutas
696 3499 741 3570 ll.
760 3499 861 3572 Card.
881 3499 1078 3572 Pantsnrco
1104 3501 1316 3573 Praefectus.

170 3600 262 3673 Loco
277 3601 323 3691 Β
339 3600 435 3695 Signi

827 3715 861 3765 Δ.
880 3709 1021 3766 Cotoneo
1039 3711 1212 3767 Secreunnn

705 4054 910 4214 iit&
