3248 5004
242 351 290 420 32
569 373 743 425 nssnror.
763 375 934 424 laturam.
954 374 1087 424 aruum
1122 373 1211 422 anor.

242 473 316 546 eise
345 479 389 547 ad
413 499 622 551 consensum
656 481 936 574 extorquendum
968 479 1004 549 iu
1037 477 1148 571 ipsam
1181 473 1374 568 religiosam
1400 471 1532 566 proies·

242 601 391 652 sionem.

321 686 362 758 V.
390 688 428 758 ln
452 692 628 782 praesenti
654 715 736 764 vero
760 715 863 763 causa
888 690 1022 762 infirma
1040 689 1146 764 luisse
1163 699 1367 782 argumenta
1384 686 1529 758 adhaec

251 791 322 866 duo
347 793 615 868 demonstranda
640 798 824 892 multiplici
851 799 1046 892 cacapite.

324 898 380 968 vt.
409 900 510 973 Hisce
536 915 652 974 autem
670 905 704 975 in
722 904 894 976 adiunctis
910 927 1023 996 neque
1041 923 1116 974 esso
1132 899 1380 994 dispensationi
1398 897 1526 969 locum.

247 1000 440 1096 Religionis
471 1007 563 1078 enim
589 1007 762 1080 Sanctitas
790 1031 858 1078 non
892 1009 975 1078 sinit
1007 1019 1048 1077 ut
1077 1005 1162 1077 lidos
1194 1025 1358 1098 supremo
1387 1001 1528 1073 Numini

240 1106 347 1193 data,
375 1133 452 1182 sera
477 1113 690 1206 poenitentia
716 1115 906 1208 frangatur.

763 1297 1022 1332 ——Qoff—-o

447 1454 653 1528 MlNORUll
672 1453 1023 1530 OBSERVANTIUM
1039 1455 1075 1526 S.
1094 1450 1328 1524 FRANClSCl

411 1557 558 1631 SUPER
586 1559 910 1644 lTlNERATlONE
941 1558 984 1631 ΙΝ
1010 1558 1095 1630 VllS
1122 1557 1360 1630 FERRdTlS.

251 1700 306 1751 Dte
324 1703 357 1752 19
374 1701 448 1754 Iunii
467 1708 543 1759 1863.

320 1877 607 1950 compe-turum
625 1883 732 1940 taetr.
756 1871 844 1944 Cum
869 1871 975 1944 SSriro
1000 1869 1041 1942 ll.
1069 1871 1110 1942 N.
1137 1870 1301 1965 supplex,
1328 1869 1439 1944 celato
1463 1895 1525 1944 no·

244 1978 355 2059 mine,
382 1975 519 2048 libellus
535 1977 671 2049 oblatus
696 1992 787 2052 esset
804 1981 838 2049 in
855 2001 924 2073 quo
949 1978 1075 2051 Orator
1099 1978 1191 2050 inter
1216 1977 1409 2070 Religiosos
1434 1977 1526 2048 sran-

245 2082 390 2153 oiscales
423 2080 466 2152 ab
500 2082 717 2154 observantia
753 2095 989 2176 nuncupatos,
1025 2082 1239 2175 adscriptus,
1271 2080 1455 2154 abusiones
1488 2082 1524 2151 in

248 2187 425 2280 provincia
452 2188 491 2257 Α.
519 2188 609 2259 circa
635 2189 803 2282 Regulam
819 2189 854 2260 S.
874 2188 1047 2260 Francisci
1072 2188 1227 2260 invectas
1251 2211 1291 2259 ac
1315 2187 1524 2260 nominatim

244 2294 338 2362 circa
364 2313 464 2362 usum
490 2291 800 2365 calceamentorum
823 2293 1094 2374 lamentabatur,
1114 2315 1153 2363 ac
1170 2303 1349 2386 praeterea
1373 2290 1525 2363 declara-

246 2397 379 2468 tionem
405 2397 601 2488 postulabat
626 2422 668 2469 an
693 2399 873 2470 Fratribus
897 2398 962 2469 sub
988 2420 1094 2492 purae
1119 2396 1274 2470 eiusdem
1300 2395 1438 2488 regulae
1464 2416 1525 2464 ve·

245 2500 330 2574 xillo
362 2500 614 2584 militantibus,
641 2503 674 2572 in
701 2503 825 2576 itinero
858 2503 1033 2586 faciendo,
1059 2501 1222 2573 curribus
1252 2499 1303 2570 uti
1336 2499 1457 2570 liceret
1487 2501 1523 2569 vi

244 2606 383 2698 vaporis
419 2606 612 2699 impulsis3
648 2606 821 2679 Sanctitas
849 2607 919 2678 Sua
954 2606 1148 2700 supplicem
1175 2605 1335 2676 eumdem
1364 2604 1521 2679 libellum

243 2711 282 2784 S.
309 2711 574 2804 Congregationi
601 2711 851 2805 Episcoporum
877 2724 912 2783 et
937 2711 1158 2805 Regularium
1187 2710 1336 2802 negotiis
1362 2721 1397 2781 et
1429 2731 1522 2782 con-

240 2815 489 2888 sultationibus
513 2816 731 2909 praepositae
755 2817 1003 2900 remittendum
1029 2817 1179 2898 curavit,
1206 2827 1246 2885 ut
1271 2837 1311 2886 ca
1334 2813 1377 2885 de
1402 2836 1438 2887 re
1464 2838 1522 2886 uc-

240 2935 363 2993 curate
388 2920 520 2992 videret
545 2933 581 2992 et
606 2921 639 2990 in
666 2919 813 2992 Domino
837 2943 940 3013 super
963 2918 1124 3014 precibus
1147 2919 1362 2992 decerneret.

312 3026 348 3098 S.
363 3025 403 3096 C.
420 3038 500 3098 ante
525 3027 639 3098 omnia
663 3025 840 3098 Generalis
864 3025 1002 3098 Ordinis
1026 3026 1251 3098 Franciscalis
1268 3025 1311 3097 ab
1333 3025 1520 3098 observan-

244 3133 293 3203 tia
322 3132 530 3204 sententiam
555 3132 705 3223 rogavit,
732 3132 790 3224 qui
816 3131 906 3202 circa
932 3153 1034 3200 usum
1058 3129 1372 3204 calceamentorum
1398 3131 1521 3204 retulit

242 3247 466 3307 constantem
491 3235 619 3328 ubique
645 3248 680 3307 et
708 3236 913 3308 uniformem
940 3235 1093 3327 regulam
1112 3258 1179 3306 non
1196 3257 1298 3328 posse
1314 3236 1515 3329 praescribi.

245 3339 343 3426 Quod
381 3363 463 3412 vero
500 3341 652 3432 pertinet
680 3341 720 3412 ad
757 3363 879 3412 currus
915 3340 1126 3434 vaporiferos
1185 3363 1248 3432 pm
1283 3341 1407 3412 itinere
1440 3341 1520 3413 Fra·

245 3459 335 3514 trum
365 3444 577 3516 adhibendos
601 3457 721 3516 votum
751 3469 770 3516 a
799 3445 1002 3517 Delinitorio
1031 3445 1195 3516 emissum
1221 3445 1515 3538 amplectebatur,

240 3573 367 3644 nempe
386 3551 578 3622 recentium
604 3574 724 3622 eorum
750 3575 915 3623 curruum
943 3573 1045 3622 usum
1074 3573 1137 3644 per
1162 3551 1324 3643 Regulam
1346 3551 1382 3622 S.
1403 3550 1518 3622 Fron-

236 3655 321 3728 cisci
347 3677 414 3728 non
440 3657 615 3750 prohiberi
624 3678 636 3741 3
660 3679 772 3751 neque
797 3680 872 3729 esse
898 3657 1075 3739 illicitum,
1093 3655 1121 3725 si
1140 3656 1229 3727 iusta
1254 3679 1335 3727 cum
1360 3671 1518 3728 consuet

236 3762 313 3830 sine
339 3761 484 3852 pecunia
510 3775 708 3854 usurpatum
734 3763 893 3834 eumdem
919 3784 987 3832 non
1013 3759 1115 3833 liccre
1140 3783 1183 3832 cx
1209 3761 1312 3833 titulo
1333 3784 1449 3833 merae
1466 3785 1517 3832 re·

234 3866 443 3951 creationis3
468 3867 616 3960 denique
650 3869 820 3960 supremis
845 3866 1115 3938 Moderatoribus
1143 3866 1391 3960 invigilandum
1419 3891 1513 3951 esse,

235 3993 282 4041 ne
307 3970 381 4042 sine
406 3993 469 4041 sua
493 3970 647 4054 licentia,
674 3974 798 4044 itinera
816 3973 849 4042 in
867 3973 933 4042 viis
958 3971 1079 4044 ferreis
1104 3973 1347 4067 suscipiantur.
1367 3972 1403 4043 S.
1424 3973 1516 4045 Con·

235 4076 393 4167 gregatio
419 4089 538 4147 votum
565 4078 704 4172 insuper
739 4077 927 4171 exquisivit
952 4079 1054 4147 unius
1078 4100 1119 4149 ex
1146 4077 1218 4147 suis
1248 4075 1516 4148 Consultoribus

233 4179 297 4272 qui
322 4178 580 4254 itinerationem
606 4183 640 4253 in
667 4183 730 4254 viis
755 4182 892 4255 serratis
917 4205 936 4253 u
961 4181 1092 4273 Regula
1117 4181 1153 4252 S.
1179 4180 1352 4252 Francisci
1376 4185 1516 4274 proprio

235 4337 336 4393 iudicis
361 4339 481 4396 arbitrio.
503 4342 552 4397 llle
578 4359 618 4398 er.
639 4358 678 4413 gr.
700 4351 787 4398 metus
804 4343 850 4412 qui
904 4352 989 4413 potest
1003 4342 1186 4399 meticulosam
1201 4343 1333 4413 puellam,
1345 4341 1411 4397 adeo
1425 4349 1455 4396 ut
1467 4355 1515 4410 pro

238 4430 407 4480 constratam
426 4428 511 4482 tirum
531 4443 584 4483 non
606 4437 738 4494 irroraret,
754 4437 852 4483 terrere
904 4432 954 4484 trac
972 4428 1060 4500 puella
1080 4427 1230 4485 censendus
1248 4429 1283 4484 sit
1301 4427 1398 4497 gravis.
