3282 5008
606 437 788 485 susurrans
804 436 998 482 uarrrrvosu.
1375 411 1433 477 131

165 551 265 608 vatac
291 537 456 622 luissent,
485 539 599 630 prouti
624 539 917 622 contendebatur,
943 537 1187 632 dispositioncs
1213 535 1329 628 legum
1358 534 1444 604 eivi-

164 643 251 713 lium
269 644 466 736 provinciae
482 644 593 729 illius,
608 646 721 718 editae
739 670 799 738 pro
816 646 971 739 legitimo
988 658 1188 717 exterorum
1206 639 1439 712 matrimonio.

168 748 418 842 Disputabatur
444 750 539 822 cuim
563 773 683 844 reapse
711 751 884 845 praelatos
908 774 1053 844 sponsos
1083 748 1275 840 adscriptas
1308 745 1442 825 luisse,

169 857 283 948 prouti
304 856 478 928 Parochus
502 858 729 949 promiserat,
756 859 791 928 in
817 859 894 930 albo
919 859 1187 950 oppidanorum3
1212 867 1246 927 et
1272 852 1445 923 sufficien-

169 975 240 1032 tem
269 961 376 1035 luisse
399 963 489 1033 hanc
513 963 781 1056 adscriptionem
815 965 945 1057 absque
978 963 1195 1054 delegatione
1227 958 1358 1053 proprii
1383 956 1445 1027 Pa·

170 1069 263 1139 rochi
287 1071 329 1141 ad
354 1069 567 1139 matrimonii
592 1070 818 1141 validitatem.

238 1175 303 1246 Sed
326 1188 464 1269 praeter
486 1175 571 1246 haec
595 1176 821 1249 insistebatur
837 1168 936 1249 alteri
953 1187 1174 1269 argumento,
1188 1169 1442 1249 contendendo,

171 1280 342 1374 praelatos
366 1302 512 1372 sponsos
535 1301 604 1350 non
629 1282 816 1374 indiguisse
841 1283 932 1355 dicta
956 1281 1193 1374 delegatione3
1217 1280 1298 1372 quia
1315 1277 1369 1345 ius
1385 1297 1447 1366 pu-

170 1387 420 1468 roc'bialitatis,
447 1386 520 1458 sive
544 1388 757 1459 domicilium
783 1390 958 1461 sufficiens
983 1413 1023 1460 eo
1049 1389 1082 1458 in
1108 1385 1235 1480 oppido
1260 1385 1302 1454 ad
1326 1381 1448 1452 matr-t-

170 1493 326 1565 monium
349 1491 645 1575 contrahendum,
663 1494 803 1586 ipsimet
824 1495 940 1585 sponsi
963 1495 1209 1587 acquisierant.
1225 1490 1312 1561 llinc
1327 1488 1447 1579 dispu-

170 1601 257 1671 tatio
280 1611 357 1668 orta
380 1609 434 1670 est
463 1620 567 1690 super
597 1601 761 1695 domicilii
799 1614 934 1672 natura.
962 1599 1150 1672 Dicebatur
1180 1599 1296 1688 itaque
1329 1593 1446 1665 lavore

171 1706 269 1786 Titii,
283 1703 497 1775 domicilium
519 1705 649 1796 acquiri
674 1707 792 1777 statim
809 1730 849 1778 ac
866 1708 1027 1778 voluntas
1044 1705 1185 1797 patefiat
1209 1702 1294 1772 illud
1319 1698 1445 1791 ligendi

169 1813 287 1904 aliquo
305 1811 340 1881 in
357 1809 447 1889 loco,
463 1810 497 1879 in
515 1812 635 1884 ordine
652 1812 694 1883 ad
711 1813 971 1882 matrimonium
996 1809 1281 1881 contrahendum.
1304 1805 1448 1896 Legitur

170 1918 265 1987 enim
288 1916 323 1985 iu
345 1913 369 1984 l.
390 1917 430 1986 31
451 1916 493 2009 ff.
512 1915 557 1986 od
573 1914 733 2012 lltrnicip.
756 1944 770 1983 v
789 1917 879 1986 Nihil
901 1917 993 1989 enim
1018 1929 1073 1987 est
1097 1914 1346 2006 impedimento
1361 1932 1448 2001 quo·

171 2023 287 2091 minus
310 2021 390 2113 quis
413 2019 472 2091 ubi
498 2019 582 2094 velit
606 2020 819 2093 domicilium
845 2022 970 2093 habeat
993 2023 1085 2115 quod
1110 2021 1141 2092 ei
1168 2041 1234 2090 non
1261 2029 1314 2088 est
1339 2016 1448 2085 inter·

171 2128 341 2197 dictum.»
357 2126 444 2196 llinc
463 2126 736 2199 contendebatur
756 2127 887 2199 iactum
911 2127 1134 2199 habitationis
1151 2147 1219 2195 non
1237 2145 1313 2194 esse
1329 2141 1448 2192 neccs-

174 2233 303 2303 sarium
318 2255 331 2317 ;
362 2231 428 2303 boc
461 2232 553 2303 enim
587 2233 776 2324 requiritur
799 2235 842 2304 ad
870 2235 1083 2306 voluntatem
1117 2226 1445 2302 demonstrandam:

171 2359 279 2429 quare
312 2338 342 2408 si
373 2338 511 2410 aliunde
547 2351 683 2411 constet
716 2340 799 2412 haec
833 2341 1019 2423 voluntas,
1054 2339 1184 2411 lactum
1221 2332 1448 2405 habitationis

172 2441 296 2514 inutile
320 2455 495 2516 censetur.
521 2443 572 2514 td
597 2445 686 2516 hanc
710 2446 903 2517 doctrinam
928 2441 1228 2517 demonstrandam
1255 2438 1449 2532 allegaban-

174 2557 233 2618 tur
264 2547 449 2621 nonnullae
473 2550 699 2621 auctoritates
728 2551 862 2622 scilioet
889 2550 1009 2622 Olivae
1040 2550 1082 2620 dc
1119 2549 1185 2642 sor.
1215 2543 1330 2617 eccles.
1356 2568 1393 2640 p.
1426 2545 1447 2613 3

170 2675 205 2746 q.
230 2657 271 2724 l8
288 2677 319 2723 a.
341 2659 375 2725 5.
393 2654 544 2748 Ursayae
562 2669 642 2724 tom.
662 2659 682 2725 7
697 2678 734 2750 p.
754 2660 774 2724 2
791 2655 914 2750 discep.
936 2660 980 2725 25
997 2678 1032 2725 a.
1052 2657 1096 2725 32
1113 2666 1193 2732 etc,
1210 2663 1246 2724 et
1264 2651 1449 2744 praecipue

172 2757 399 2830 insistebatur
410 2759 609 2830 auctoritati
624 2759 660 2830 S.
671 2758 710 2830 C.
720 2759 760 2831 C.
770 2761 805 2829 in
821 2783 923 2830 causa
937 2760 1153 2829 Caesenatea.
1167 2780 1226 2828 seo
1242 2755 1445 2828 Forulim'ca.

173 2865 341 2936 ventilata
364 2864 487 2937 diebus
511 2867 557 2934 20
582 2865 755 2936 Februarii
782 2879 818 2938 et
842 2869 887 2936 ΞΒ
912 2866 999 2936 lunii
1037 2867 1150 2947 1723,
1177 2865 1212 2934 in
1244 2887 1312 2957 qua
1337 2863 1390 2932 vir
1412 2873 1450 2932 et

172 2971 298 3042 mulier
313 2971 373 3064 qui
385 2968 558 3043 Caesenae
578 2972 834 3056 habitaverant,
852 2995 931 3044 cum
945 2995 982 3044 se
997 2972 1256 3042 transtulissent
1274 2971 1307 3040 in
1326 2968 1449 3040 urbem

172 3075 351 3158 Forulivii,
378 3088 414 3147 et
437 3077 698 3150 matrimonium
723 3079 769 3148 ihi
795 3079 1071 3160 contraxissent,
1090 3077 1174 3147 illud
1200 3074 1351 3146 validum
1368 3095 1450 3144 cen·

172 3184 246 3254 suit
270 3183 307 3254 S.
325 3181 366 3254 C.
384 3179 424 3253 C.
443 3186 601 3276 quamvis
626 3198 666 3256 ut
689 3185 797 3256 refert
821 3186 952 3279 Ursaya
976 3183 1038 3255 loc.
1063 3185 1120 3254 cit.
1140 3206 1175 3250 a.
1194 3186 1252 3252 ta.
1270 3209 1286 3249 o
1304 3202 1450 3252 concur·

176 3315 194 3358 s
209 3290 333 3360 rebant
348 3310 468 3361 omnes
485 3291 765 3363 circumstantiae
785 3313 872 3385 quac
889 3292 1068 3365 evidenter
1084 3289 1311 3360 ostendebant
1327 3288 1451 3358 volun·

176 3405 319 3465 statem
341 3383 524 3468 fraudandi
547 3399 724 3490 proprium
748 3398 965 3470 Parochum:
994 3396 1027 3465 in
1054 3395 1243 3465 summario
1269 3393 1333 3464 viri
1360 3393 1444 3486 (qui

177 3526 196 3568 s
213 3523 275 3595 pro
288 3501 447 3574 nullitate
466 3503 676 3574 matrimonii
693 3504 836 3596 agebat)
852 3502 1111 3574 adducebantur
1124 3500 1345 3593 probationes
1357 3500 1450 3591 quod

177 3631 196 3675 s
210 3607 327 3700 sponsi
343 3605 561 3680 &coemeram
573 3631 649 3678 cam
662 3610 774 3679 animo
786 3607 952 3678 redeundi
962 3607 1144 3676 Caesenam
1161 3630 1275 3676 canam
1286 3607 1449 3700 patrium,

177 3711 323 3782 »statim
339 3733 380 3780 ac
395 3709 597 3784 celebratum
620 3714 738 3807 ficisset
761 3712 1016 3783 matrimonium
1040 3726 1101 3781 etc.
1120 3725 1156 3783 et
1180 3712 1272 3804 quod
1289 3733 1358 3780 non
1377 3723 1448 3781 erat

177 3841 330 3891 »eorum
356 3818 504 3892 intentio
529 3822 752 3913 permanendi
773 3821 815 3891 ad
840 3818 1064 3889 habitandum
1086 3817 1263 3902 Forulivii,
1282 3818 1341 3888 sed
1358 3818 1447 3910 quod

178 3925 426 4018 acogitabant,
448 3941 588 4018 peracto
609 3925 843 4007 matrimonio,
869 3925 981 3996 redire
1004 3923 1192 3997 Caesenam
1217 3935 1297 4016 post
1323 3945 1451 4016 paucos

178 4031 297 4102 adies.
322 4031 421 4119 Quod
446 4052 570 4122 sponsa
594 4029 828 4104 declaraverat
843 4053 879 4100 se
894 4029 1007 4100 redire
1022 4029 1198 4126 propriam
1217 4029 1352 4098 domum
1368 4027 1452 4099 Cae-

178 4167 195 4200 a
209 4161 309 4210 senae
335 4161 417 4209 sace
437 4141 571 4233 patrico
586 4136 644 4208 ati
659 4138 842 4234 reliquerat
862 4136 1004 4208 llotrem
1025 4151 1056 4208 et
1082 4159 1229 4208 sororem
1245 4135 1403 4230 erasti).

226 4395 263 4457 (t)
279 4393 318 4447 lte
336 4391 477 4464 decipiaris
494 4407 524 4448 sa
544 4394 594 4450 hac
611 4391 723 4462 allegata
736 4407 785 4446 au·
837 4393 936 4461 requiri
954 4391 1049 4448 saltem
1068 4386 1325 4460 quasi-domicilium
1344 4387 1379 4444 ad
1399 4392 1451 4443 rtts

174 4475 319 4546 ctoritate,
337 4478 413 4550 quasi
431 4479 458 4534 S.
473 4479 503 4534 C.
517 4481 548 4536 C.
562 4477 717 4534 iudicaverit
732 4493 785 4532 non
836 4475 1049 4531 contrahendum
1078 4474 1276 4530 rnatrimonium
1294 4480 1367 4528 extra
1387 4488 1449 4544 pro·

1332 4561 1351 4598 Ι
