3248 5004
185 419 231 485 ‘lt
684 435 962 484 nrsrnrrurronurr.

186 544 349 616 bationes
380 541 617 636 expostulant3
642 540 786 632 ideoque
810 539 859 611 sic
887 539 1049 610 absentes
1096 539 1190 609 hisce
1218 537 1365 630 gaudere
1390 559 1458 606 non

187 661 346 743 possunt.
373 649 420 720 Et
443 648 484 720 ad
510 648 595 718 haec
620 645 853 718 confirmanda
905 644 1143 715 adducebatur
1173 642 1369 735 exemplum
1397 643 1463 710 vt-

187 757 270 826 carii
296 754 465 847 generalis
489 753 531 824 de
555 775 624 845 quo
649 751 685 823 S.
711 750 751 822 C.
778 750 818 821 C.
841 751 876 820 in
907 770 976 819 una
1009 748 1192 819 Tarentina
1217 753 1236 818 9
1262 746 1344 818 llnii
1372 750 1453 816 ldlt

188 858 389 953 respondit:
414 856 625 928 lnlraerendo
650 853 928 926 declarationibus
951 852 1037 923 olim
1052 855 1173 948 saetis,
1191 851 1394 926 Canonicum
1411 851 1466 918 in·-

187 965 388 1036 seraientem
413 961 574 1056 Episcopo
598 963 634 1028 in
658 961 768 1054 officio
796 958 922 1029 Vicurii
964 981 1031 1028 non
1055 957 1184 1029 lucrun'
1213 956 1467 1028 distributiones·

188 1068 402 1165 quotidianus
422 1087 485 1159 pro
509 1062 578 1134 illis
602 1064 694 1134 lteris
718 1064 841 1134 divinis
866 1063 986 1158 quibas
1017 1087 1083 1134 aon
1112 1065 1255 1134 intersit.
1286 1061 1373 1132 Hine
1398 1059 1461 1130 Fa-

189 1194 322 1265 gnanus
336 1169 398 1241 loc.
409 1171 467 1241 cit.
484 1192 519 1238 n.
533 1171 573 1237 ta
588 1191 631 1240 ex
645 1168 802 1239 doctrina
819 1167 854 1239 S.
867 1167 906 1238 G.
921 1166 961 1238 C.
973 1181 1105 1250 monet,
1124 1191 1194 1240 noa
1211 1169 1327 1238 iuvare
1343 1166 1407 1235 hoc
1425 1164 1466 1233 ira

188 1301 272 1350 casu
289 1272 575 1346 consuetudinem
600 1271 655 1342 vel
680 1271 723 1342 ab
748 1271 1012 1342 immemorabili
1040 1286 1194 1365 tempore
1218 1273 1401 1341 invectam.

260 1379 374 1466 Quoto
391 1400 524 1448 oacruau
544 1399 580 1445 er
599 1399 774 1446 annectatur
794 1400 919 1448 aaaron.
938 1377 1020 1447 Post
1037 1378 1122 1448 haec
1138 1376 1223 1448 nihil
1240 1375 1329 1446 ultra
1346 1373 1464 1444 obser·

190 1485 337 1556 sabatur
352 1481 443 1553 circa
460 1480 528 1551 duo
544 1479 790 1572 subsequentia
803 1480 919 1565 dubia,
941 1503 1020 1553 eum
1041 1483 1125 1553 satis
1141 1482 1183 1554 de
1200 1482 1293 1552 hisce
1315 1480 1462 1552 relatam

191 1593 238 1661 sit
262 1591 298 1660 in
322 1586 572 1680 superioribas.

262 1695 375 1782 Quoto
401 1715 597 1763 oaooccruurr
624 1716 752 1762 aaaron.
779 1694 1050 1766 Archidiaconus
1074 1695 1213 1767 nomine
1237 1694 1390 1766 omnium
1412 1713 1460 1760 ca·

191 1800 395 1892 pitularium
420 1810 599 1892 rogaverat
622 1796 768 1870 SSrirum
792 1799 951 1883 Patrem,
978 1813 1018 1869 ut
1041 1799 1178 1891 quoties
1202 1800 1369 1869 adductae
1388 1817 1467 1865 con·

194 1906 398 1994 suetudines
423 1904 605 1998 approbari
631 1926 698 1975 non
723 1917 941 1976 mererentur
993 1905 1179 1998 plenariam
1212 1903 1469 1976 absolutionem

193 2023 230 2082 et
254 2010 540 2081 condonationem
565 2030 670 2102 super
684 2008 862 2100 illegitime
879 2011 1052 2104 perceptis
1067 2009 1370 2081 distributionibus
1386 2032 1470 2081 eon--

194 2117 317 2190 cedere
340 2116 550 2209 dignaretur.

266 2219 365 2292 Circa
385 2243 489 2313 qaam
510 2217 798 2312 supplicationem
817 2219 1065 2290 observabatur
1086 2219 1234 2290 dubitari
1255 2242 1324 2289 non
1344 2243 1465 2312 posse,

195 2329 285 2400 male
302 2337 483 2420 perceptas
499 2325 761 2398 distributiones
774 2349 848 2397 esse
865 2326 1107 2396 restituendas.
1126 2325 1277 2395 Ferraris
1299 2351 1331 2394 a.
1346 2325 1470 2396 Distri-

194 2432 345 2502 butlonec
356 2442 423 2501 art.
438 2430 517 2502 λδ.
531 2429 760 2522 Congregatio
775 2428 815 2500 C.
834 2430 871 2498 in
886 2428 1085 2500 Mucernten.
1103 2433 1146 2499 24
1161 2427 1234 2499 lon.
1249 2445 1281 2499 et
1298 2435 1338 2500 tt
1352 2430 1471 2500 lllortir'

199 2539 301 2606 1778:
328 2547 481 2606 attamen
499 2534 724 2627 inpraesenti
742 2555 857 2614 causa,
877 2534 929 2624 agi
946 2533 988 2603 de
1006 2535 1188 2604 Canonicis
1204 2533 1261 2626 qui
1279 2533 1368 2604 bona
1387 2535 1470 2614 tide,

197 2655 236 2710 ut
261 2638 461 2722 videbatur,
481 2638 590 2708 innixi
607 2637 915 2710 consuetudinibus
932 2649 1014 2708 su‘ae
1032 2638 1210 2722 ccclesiae,
1226 2638 1316 2708 haud
1334 2639 1469 2710 debitas

195 2745 456 2817 distributiones
480 2755 706 2837 receperant,
740 2743 944 2836 easdemque
968 2743 1056 2813 bona
1082 2743 1147 2815 lide
1172 2758 1468 2834 consumpserant.

196 2851 303 2922 Porro
318 2851 413 2921 hisce
426 2850 461 2919 in
474 2849 645 2920 adiunctis
658 2850 781 2921 saltem
800 2872 865 2920 non
883 2850 1106 2920 immerentes
1123 2849 1338 2932 videbantur,
1352 2864 1391 2918 ut
1410 2874 1472 2942 per

197 2955 450 3027 absolutionem
474 2964 510 3025 et
534 2954 820 3027 condonationem
845 2953 1073 3025 eonscientiae
1098 2977 1180 3024 suae
1206 2955 1454 3046 prospicerent.

757 3134 888 3186 ltubtn

271 3271 297 3340 l.
327 3297 343 3338 a
365 3271 419 3340 An
440 3283 475 3342 et
499 3269 671 3362 quomodo
686 3267 865 3355 Canonici‚
880 3285 1036 3366 tempore
1053 3274 1256 3346 Divinorum
1270 3275 1478 3346 Officiorum

202 3400 219 3444 n
239 3377 419 3447 audientes
437 3377 691 3459 Conlessiones,
716 3378 848 3449 censeri
864 3377 1012 3448 debeant
1029 3392 1228 3470 praesentes
1249 3380 1283 3448 io
1302 3379 1412 3450 (lhoro
1430 3380 1475 3448 ad

202 3482 402 3553 »ellectum
432 3481 586 3553 lucrandi
611 3480 871 3552 distributiones
896 3484 931 3552 in
956 3507 1073 3554 casu.»

272 3588 314 3656 ll.
337 3615 352 3654 u
370 3590 422 3657 An
441 3602 475 3659 et
492 3587 663 3682 quomodo
683 3587 786 3658 iidem
804 3586 967 3658 Canonici
1002 3590 1139 3658 llissam
1156 3589 1370 3661 celebrantes
1388 3603 1473 3659 tem=

202 3719 219 3760 s
239 3717 323 3786 pore
346 3693 548 3765 Divinorum
567 3693 766 3765 Officiomm
784 3709 959 3787 tamquam
977 3709 1175 3788 praesentes
1192 3695 1310 3766 haberi
1327 3697 1473 3767 debeant

203 3823 220 3866 a
241 3800 274 3867 in
293 3798 406 3870 Chora
423 3801 464 3871 ad
482 3801 641 3872 eumdem
659 3800 818 3871 ellectum
838 3803 871 3870 in
890 3823 1005 3870 casu.»

274 3905 332 3974 lll.
354 3932 370 3971 a
388 3906 439 3975 An
459 3919 493 3976 et
510 3907 683 3996 quomodo
708 3905 870 3976 Canonici
923 3907 1125 3977 assistentes
1151 3907 1416 3996 archiepiscopo
1441 3906 1474 3973 in

204 4009 502 4080 »Pontificalibus
526 4009 671 4101 aliisque
695 4009 945 4094 functionibus,
963 4011 1014 4080 vel
1034 4011 1170 4078 llissnm
1198 4011 1366 4101 privatam
1391 4009 1477 4079 cele-

205 4114 370 4199 »branti,
398 4114 558 4185 absentes
582 4137 600 4185 a
625 4115 739 4185 Choro
785 4113 963 4184 lucrentur
987 4115 1248 4184 distributiones
1274 4116 1307 4182 in
1333 4136 1450 4184 casn.»

273 4219 329 4288 lV.
351 4247 367 4282 a
387 4225 440 4288 An
466 4231 501 4290 et
526 4218 697 4310 quomodo
715 4219 894 4288 lucrentur
909 4219 1172 4289 distrilmtiones
1192 4219 1294 4288 iidem
1313 4217 1478 4288 Canoniei

204 4323 510 4416 »archiepiscopo
534 4325 737 4396 assistentes
759 4325 792 4392 in
810 4327 1062 4416 pertractandis
1088 4325 1255 4416 negotiis,
1283 4326 1335 4396 rel
1363 4327 1483 4418 ipsum

203 4427 276 4496 »in
294 4427 448 4500 Dioecesi
474 4441 573 4499 extra
597 4429 818 4500 residentiam
844 4432 1050 4501 comitantes
1076 4433 1109 4498 in
1135 4455 1252 4501 casu»
