3282 5008
213 322 280 390 162
517 343 610 389 suren
629 344 812 392 netrnaaar.
833 347 932 393 crrrr.
954 346 989 392 xc
1007 347 1175 392 uoararrru

209 447 255 518 ob
272 447 425 540 tegulam
443 447 652 540 generalem,
671 471 759 541 quae
782 449 887 521 tradit
903 472 1041 523 omnem
1058 461 1175 520 actum
1196 451 1393 523 habendum
1410 475 1488 524 esse

211 553 263 622 uti
288 552 453 636 validum,
483 554 593 626 donec
617 556 826 624 contrarium
852 579 919 626 non
945 555 1135 648 probetur,
1162 555 1221 626 sed
1247 567 1282 626 et
1306 557 1411 626 ctiam
1440 557 1485 627 ob

210 657 365 748 regulam
390 659 589 751 specialem,
616 659 650 727 in
676 662 822 730 materia
846 660 1054 731 electionum
1079 671 1267 751 receptam,
1296 659 1330 728 in
1358 661 1486 752 quibus

210 763 334 835 electio
359 786 462 834 suum
486 765 643 838 obtinere
668 765 774 836 robur
798 767 1024 859 intelligitur,
1050 767 1159 837 donec
1185 765 1262 848 ille,
1289 765 1344 835 cui
1371 766 1405 835 id
1433 767 1488 835 in-

209 870 364 952 cumbit,
391 869 512 940 validis
537 872 773 962 argumentis,
801 872 981 945 electionis
1006 870 1201 943 nullitatem
1226 871 1382 963 legitime
1414 895 1484 943 non

209 975 511 1047 demonstraverit.
538 976 652 1047 Piton.
679 977 826 1070 Discept.
844 975 936 1048 Eccl.
962 979 1025 1045 ¹00
1050 999 1084 1044 n.
1109 978 1170 1045 221
1200 991 1232 1046 et
1256 999 1338 1069 serp,
1354 988 1390 1047 et
1406 999 1488 1047 con·

209 1085 304 1154 venit
328 1083 484 1154 comunis
509 1083 741 1176 interpretum
767 1084 934 1155 doctrina.

279 1187 391 1280 Super
414 1187 551 1258 delectu
577 1189 722 1281 peritiae
747 1202 870 1259 cantus
893 1189 1115 1279 Gregoriani,
1142 1189 1200 1280 qui
1225 1198 1343 1258 contra
1370 1187 1483 1259 Fride·

209 1293 320 1362 ricum
344 1292 595 1374 obiectabatur,
622 1291 756 1361 nullum
780 1293 882 1385 plane
908 1293 1051 1363 verbum
1076 1305 1152 1365 erat
1176 1293 1210 1361 in
1235 1291 1484 1364 deliberatione

207 1399 390 1491 capitulari
420 1398 486 1469 diei
526 1401 544 1466 9
571 1398 659 1467 lunii
686 1400 789 1468 1864.
816 1397 1047 1469 Nihilominus
1079 1399 1374 1491 respondebatur,
1401 1420 1487 1467 con·

206 1505 373 1576 ditionem
400 1503 584 1574 illiusmodi
611 1504 753 1574 minime
777 1527 797 1574 a
815 1515 980 1577 testatore
1001 1506 1186 1597 proficisci,
1209 1505 1268 1576 sed
1286 1527 1305 1574 a
1321 1501 1487 1595 Capitulo

207 1610 389 1679 dumtaxat
413 1609 635 1702 repetendam
661 1633 750 1693 esse,
776 1611 832 1680 cui
855 1612 1056 1702 ceteroquin
1083 1624 1237 1702 potestas
1262 1609 1353 1681 haud
1370 1609 1484 1678 inerat

206 1714 389 1786 adiiciendi
414 1715 630 1786 conditiones
654 1739 673 1786 a
701 1727 865 1786 testatore
890 1716 1032 1786 minime
1056 1716 1299 1807 praescriptas.
1324 1715 1481 1806 insuper,

207 1819 431 1911 inpraesenti
452 1821 639 1890 vacationis
655 1832 761 1902 statu,
782 1821 835 1890 ius
852 1819 1050 1891 nominandi
1069 1819 1159 1907 baud
1177 1832 1406 1892 exercuerant
1421 1817 1483 1888 Ca·

207 1925 320 1994 nonici
347 1923 379 1992 xi
407 1925 631 2006 testamenti,
657 1949 677 1996 a
702 1923 824 1995 Carolo
848 1925 992 2017 scripti,
1019 1923 1079 1994 sed
1104 1924 1138 1992 in
1163 1922 1234 1990 vim
1253 1923 1487 1993 renunciatio·

207 2029 260 2098 nis
285 2053 304 2099 a
330 2027 503 2099 Canonico
528 2042 712 2100 executore
738 2030 998 2101 testamentario
1015 2028 1130 2099 lavore
1147 2025 1298 2118 Capituli
1321 2028 1482 2099 emissae.

205 2137 293 2204 llum
311 2136 428 2226 itaque
446 2135 510 2206 iste
531 2135 626 2206 nullo
643 2135 920 2227 obstringeretur
937 2134 1073 2204 vinculo
1091 2130 1289 2203 nominandi
1306 2130 1483 2202 Clericum

205 2240 432 2330 qualitatibus
457 2264 476 2310 a
502 2241 683 2311 Testatore
708 2241 899 2333 praefinitis
924 2240 1131 2331 praeditum,
1157 2238 1225 2308 iam
1250 2259 1314 2306 nee
1337 2234 1484 2326 'Capitu-

205 2344 303 2426 lum,
330 2356 369 2415 ut
396 2344 500 2414 huius
536 2345 807 2425 cessionarium,
834 2345 1036 2436 adigebatur
1071 2341 1296 2436 Capellanum
1328 2339 1479 2432 eligere,

204 2451 349 2520 scientia
374 2465 496 2520 cantus
518 2448 716 2542 Gregoriani
742 2450 886 2542 aliisque
912 2451 1045 2521 meritis
1070 2451 1285 2528 adornatum.

277 2555 473 2645 Antequam
498 2554 576 2638 finis
600 2554 853 2625 Consultationi
879 2568 1079 2647 poneretur,
1099 2553 1304 2625 monebatur
1327 2551 1479 2620 nomina·

207 2660 336 2730 tionem
362 2659 525 2731 Friderici
543 2661 651 2731 veluti
669 2661 798 2731 nullam
816 2660 958 2730 forsitan
975 2660 1214 2732 declarandam
1233 2680 1321 2737 esse,
1342 2657 1482 2726 tametsi

203 2763 489 2835 deliberationem
510 2764 737 2855 capitularem
762 2766 829 2835 diei
856 2768 875 2834 9
902 2765 989 2834 lunii
1019 2769 1106 2834 root
1132 2766 1166 2834 in
1193 2789 1255 2836 suo
1272 2764 1394 2835 robore
1411 2785 1483 2831 rna·

204 2892 285 2940 nere
310 2870 501 2940 iudicatum
526 2869 637 2949 soret,
664 2871 692 2939 si
716 2872 876 2943 videlicet
901 2885 1022 2941 cantus
1046 2871 1248 2963 Gregoriani
1273 2869 1396 2963 peritia
1422 2891 1484 2937 re·

204 2975 268 3045 luti
293 2974 531 3045 substantialis
555 2975 589 3044 in
615 2997 710 3057 casu,
737 2976 779 3045 de
804 2999 872 3067 quo
897 2977 1029 3069 agitur,
1057 2977 1341 3056 existimaretur,
1371 2995 1483 3064 eaque

203 3081 416 3152 {ordericum
435 3105 555 3175 reapse
571 3105 687 3153 carere
704 3083 930 3153 constitisset.
960 3081 1034 3167 Qua
1059 3104 1096 3152 re
1114 3082 1317 3162 constituta,
1337 3078 1481 3151 secundi

201 3187 292 3278 qrrod
318 3188 460 3258 inferius
485 3188 641 3280 ponitur,
667 3188 761 3258 dubii
791 3187 972 3258 formulam
999 3187 1230 3280 praetermitti
1256 3211 1325 3258 non
1354 3185 1483 3256 debere

203 3317 313 3364 visum
343 3310 408 3364 est.

275 3597 298 3664 l.
321 3624 336 3662 a
355 3597 405 3666 dn
432 3618 468 3670 et
492 3599 665 3692 quomodo
694 3599 908 3670 sustineatur
939 3597 1143 3670 deliberatio
1177 3594 1379 3687 capitularis
1410 3595 1482 3664 diei

205 3709 257 3771 »tt
284 3703 373 3772 lunii
401 3708 489 3774 root
515 3708 550 3774 in
576 3730 705 3777 casua.

273 3809 312 3876 ll.
336 3809 422 3876 adn
441 3821 475 3878 et
492 3811 666 3900 quomodo
691 3809 905 3880 sustineatur
929 3809 1120 3879 nominatio
1146 3807 1308 3878 Friderici
1333 3806 1374 3876 ad
1391 3803 1480 3896 Cap·

204 3915 434 4008 apolloniam,
465 3917 550 3987 adeo
575 3929 615 3986 ut
639 3917 750 3987 danda
774 3917 805 3987 ei
832 3917 878 3985 sit
902 3917 1079 3987 institutio
1103 3915 1267 3986 canonica
1297 3914 1331 3982 in
1357 3935 1479 3983 casua

271 4023 454 4092 llesoturro
486 4045 720 4092 nantoacu-
743 4023 822 4094 Ena
856 4023 975 4094 Patres
1009 4025 1042 4092 in
1075 4021 1227 4094 comitiis
1262 4019 1390 4090 habitis
1422 4017 1482 4088 die

201 4131 245 4196 ⁹28
273 4129 348 4198 lulii
377 4132 465 4199 1865
492 4130 761 4220 rescripserunt:
781 4130 822 4200 ad
840 4129 851 4198 l
871 4142 907 4199 et
924 4129 951 4198 ll
969 4143 1099 4198 attenta
1115 4126 1341 4200 declaratione
1357 4124 1483 4194 emissa

200 4256 221 4300 a
247 4231 415 4305 Carroaico
439 4233 480 4304 tt.
509 4234 545 4304 ia
566 4233 646 4304 atala
669 4234 850 4330 capitulari
874 4234 1074 4327 affirmative
1090 4235 1125 4304 ia
1143 4231 1309 4303 omnibus.
