3248 5004
192 416 238 484 il
694 423 965 476 otsrnuurtosur.

264 533 316 604 hd
340 531 399 603 lll.
418 529 592 623 Nepotiue,
616 529 684 598 nisi
699 527 735 596 in
750 547 828 596 cosa
851 521 1040 617 sapentiae.

263 638 314 709 hd
338 637 412 707 llll.
430 635 639 728 Affirmotive
662 630 827 702 celebrata
842 628 943 698 unico
959 625 1060 698 Missa
1084 648 1161 696 cam
1185 637 1285 696 count
1309 623 1460 696 adstante

189 745 344 815 atticerso
362 738 530 834 Capitalo.

260 848 297 918 ln
312 849 550 941 causaLycieu
561 847 603 915 tt
619 845 763 937 Augusti
776 845 980 939 lbll,quam
994 837 1296 912 S.C.C.indicarit
1320 835 1458 906 indubii

188 955 285 1026 tertii
300 953 530 1035 resolutione,
544 953 629 1023 haec
640 951 832 1035 habentur3
846 973 924 1021 cum
937 947 1132 1041 quaesitum
1147 943 1268 1015 suisset
1284 967 1302 1013 a
1315 942 1351 1014 S.
1366 943 1406 1011 C.
1417 945 1457 1014 C.

189 1088 209 1123 a
225 1060 278 1128 An
299 1058 486 1131 Decretum
510 1057 654 1129 Consilii
679 1079 754 1147 cap.
778 1059 818 1124 li
835 1079 919 1128 sess.
940 1055 982 1122 il
1001 1053 1043 1123 de
1063 1050 1201 1122 relorm.
1230 1072 1316 1120 vers.
1337 1047 1460 1120 Omnes

190 1191 208 1228 s
228 1188 316 1246 vero,
328 1165 442 1237 locum
460 1163 585 1234 hahent
601 1162 736 1255 quaudo
755 1163 946 1254 Episcopus
958 1161 992 1228 iu
1007 1158 1082 1227 aliis
1099 1155 1253 1227 ecclesiis
1265 1153 1329 1224 sihi
1345 1155 1460 1224 subie-

189 1270 294 1340 sctis
317 1271 352 1340 in
378 1269 519 1341 civitate
544 1268 775 1340 existentibus
793 1264 1038 1360 pontificaliter
1060 1261 1232 1344 celebrat,
1251 1261 1302 1331 vel
1320 1274 1459 1352 paratus

189 1374 363 1444 »adsistit
389 1395 468 1443 cum
489 1372 630 1464 pluviali
652 1386 688 1443 et
708 1374 809 1442 mitra
835 1385 895 1442 aut
918 1392 998 1440 cum
1026 1389 1134 1458 cappa
1158 1366 1283 1436 divinis
1306 1364 1456 1448 Officiis,

189 1505 207 1543 a
228 1491 263 1548 et
278 1479 397 1548 blissae
415 1476 580 1548 solemnia
600 1477 652 1547 vel
669 1477 735 1547 alia
753 1475 962 1568 pontificalia
975 1486 1153 1546 exercet...
1171 1474 1199 1542 si
1211 1493 1375 1542 numerus
1388 1473 1459 1541 sul-

190 1582 347 1654 „ficiens
367 1581 617 1652 Canonicorum
659 1594 694 1651 et
714 1582 948 1652 Ministrorum
972 1581 1006 1648 in
1031 1578 1174 1651 ecclesia
1198 1575 1385 1647 cathedrali
1405 1600 1458 1648 re-

189 1711 208 1751 s
228 1699 401 1759 maneat.»
417 1686 452 1758 S.
467 1686 508 1758 C.
528 1688 724 1782 respondit:
752 1685 873 1756 babere
898 1685 1018 1755 locum.

262 1899 311 1968 Ex
336 1922 374 1968 us
397 1921 530 1968 ossraus
555 1921 649 1966 tarsa
675 1919 742 1966 turs
769 1919 864 1965 ruunt
891 1917 1047 1963 coruscas.

259 2003 285 2072 Ι.
311 2003 484 2095 Distingui
509 2004 664 2096 apprime
690 2004 780 2073 inter
803 2025 839 2071 se
864 1999 1009 2082 dehere,
1037 2001 1070 2070 in
1096 1999 1238 2071 materia
1252 1998 1294 2068 de
1307 2021 1374 2090 qua
1388 1997 1456 2090 agi·

185 2131 284 2188 mus,
309 2111 441 2202 [ructas
463 2109 621 2181 beneficii
647 2108 818 2190 choralis,
846 2119 881 2179 et
905 2107 1152 2176 distributiones
1178 2104 1407 2198 quotidianas.

258 2213 300 2282 ll.
328 2213 531 2284 Huiusmodi
555 2213 816 2283 distributiones
840 2209 1042 2303 reptloriter
1060 2211 1105 2304 (l)
1125 2210 1311 2285 consistere
1337 2209 1369 2279 in
1391 2222 1457 2280 ter-

185 2319 234 2388 tia
247 2333 346 2411 parte
362 2321 517 2389 omnium
534 2319 692 2392 beneficii
708 2318 856 2390 choralis
872 2317 1157 2409 fructuum,quae
1170 2315 1211 2385 iis
1222 2313 1456 2385 distribuenda

183 2437 242 2494 est
266 2425 324 2514 qui
350 2424 455 2494 choro
479 2425 662 2496 intersunt.

258 2528 315 2597 lll.
344 2528 422 2598 llari
456 2552 556 2621 posse
589 2529 705 2621 plures
737 2550 858 2598 causas
890 2526 934 2597 ob
969 2549 1054 2618 quas
1086 2528 1145 2618 qui
1179 2527 1326 2598 achoro
1359 2526 1457 2597 abest

185 2632 321 2702 fructus
347 2631 450 2702 iaciat
479 2656 580 2716 suos,
611 2635 785 2724 usquein
816 2654 941 2725 poenas
970 2631 1123 2700 incurrat
1150 2645 1268 2702 contra
1296 2631 1457 2701 absentes

182 2737 338 2807 sancitas
355 2760 373 2806 a
392 2737 595 2808 Tridentino
612 2735 778 2807 Concilio.

254 2841 309 2911 tv.
338 2841 467 2913 Tamen
492 2863 561 2912 uon
586 2863 706 2914 onmes
723 2864 855 2924 causas,
873 2863 961 2933 quae
978 2842 1020 2912 ab
1038 2841 1091 2912 his
1108 2843 1227 2932 poenis
1245 2841 1457 2912 incurrendis

181 2959 366 3030 excusant,
392 2946 593 3017 facultatem
618 2947 771 3019 tribuere
795 2945 1056 3017 distributiones
1080 2946 1302 3038 percipiendi.

255 3053 295 3122 V.
321 3053 451 3124 Causas
475 3051 664 3141 generatim
690 3075 777 3142 quae
809 3051 896 3122 hauc
928 3050 1129 3122 facultatem
1162 3049 1345 3133 tribuunt,
1380 3073 1456 3122 esse

182 3157 420 3228 infirmitatem
439 3180 500 3228 seu
514 3156 640 3226 iustam
658 3168 693 3226 et
710 3156 947 3227 rationabilem
965 3156 1176 3249 corporalem
1194 3155 1454 3236 necessitatem,

179 3275 243 3335 aut
267 3262 463 3335 evidentem
489 3265 653 3336 ecclesiae
677 3264 825 3335 choralis
850 3263 1049 3335 utilitatem.

255 3367 310 3438 Vl.
337 3367 452 3439 Solam
477 3382 594 3441 autem
619 3369 903 3440 consuetudinem
920 3366 1099 3438 abessendi
1118 3389 1137 3437 a
1155 3367 1257 3437 choro
1282 3377 1318 3436 et
1341 3366 1455 3436 distri·

179 3471 342 3543 butioues
374 3473 609 3565 percipiendi,
636 3474 794 3568 quamvis
819 3470 1003 3566 episcopali
1027 3471 1167 3542 decreto
1191 3470 1452 3548 confirmatam,

179 3599 250 3647 non
278 3599 354 3648 esse
381 3577 571 3669 generatim
605 3577 798 3668 legitimum
828 3574 969 3646 titulum
1007 3576 1046 3645 ad
1073 3575 1159 3646 hanc
1196 3575 1454 3668 perceptionem

178 3682 483 3752 cohonestandam.

231 3879 267 3939 (t)
286 3874 343 3928 Dixi
362 3875 547 3944 seculariter,
566 3876 627 3944 quia
647 3875 723 3942 plura
743 3875 789 3927 ha·
839 3874 1012 3929 §tributiones
1024 3876 1128 3928 tertiam
1138 3883 1238 3945 partem
1254 3873 1389 3928 fructuum
1399 3888 1451 3926 non

176 3958 278 4012 bantur
294 3957 423 4014 beneficia
448 3959 566 4014 clroralia
585 3960 612 4013 iu
631 3959 728 4028 quibus
746 3959 788 4014 di·
840 3959 1082 4027 attingerent,lraec
1091 3959 1183 4013 divisio
1193 3959 1263 4012 iuter
1272 3957 1370 4012 abusus
1383 3967 1453 4010 esset

176 4043 351 4098 stributiooes
368 4043 499 4098 excedunt
524 4047 630 4098 tertiam
650 4042 787 4098 fructuum
840 4041 1363 4107 recensenda,nisieamlexiuodatiouis
1376 4055 1452 4095 excu-

175 4135 280 4192 partem
295 4127 426 4181 ueletiam
448 4143 541 4182 omues
559 4128 663 4181 fruetus
676 4129 702 4180 in
722 4128 789 4182 solis
839 4136 919 4182 saret.

174 4207 414 4264 distributionibus
434 4212 595 4265 consistunt.
609 4211 686 4281 Quod
706 4213 728 4266 si
746 4211 788 4265 di·

693 4429 939 4454 “OQ—-
