3282 5008
447 410 716 458 cosoneosrronrs
733 411 778 458 ss.
797 409 951 456 nxossrr.
971 409 1065 456 suren
1084 406 1197 455 rnrvvt.
1417 387 1465 454 bb

187 507 307 603 ptione
326 534 414 605 quae
435 525 634 604 competere
651 509 740 583 solet
762 512 860 583 novis
876 510 1049 590 lnstitutis
1068 509 1237 603 religiosis
1258 533 1345 604 quae
1362 511 1468 582 modo

186 640 207 688 a
224 619 260 689 S.
278 618 365 691 Sede
381 619 628 711 approbantur.

258 723 348 810 Qasr
380 747 567 794 arsrrrssnr
594 747 714 794 revoat
741 747 1001 796 concxrcsnoms
1026 749 1070 796 ss.
1097 723 1466 796 anaxamenis-Fa-

188 853 271 902 vore
294 830 505 925 praelaudati
530 829 688 901 lustituti
722 832 984 924 exponebantur
1015 832 1151 904 Literae
1184 832 1404 924 apostolicae
1430 833 1467 900 in

187 935 297 1010 lorma
321 939 460 1014 Brevis,
487 937 650 1009 videlicet
675 938 802 1010 Breve:
831 937 1102 1020 sacrosanctam,
1127 937 1370 1010 privtum.
1397 937 1467 1008 diei

188 1046 228 1112 21
251 1045 398 1137 Augusti
426 1046 527 1125 1789,
547 1054 582 1114 et
604 1043 734 1116 Breve:
765 1043 830 1130 Qut
853 1045 953 1123 sicut,
971 1042 1024 1114 Pii
1041 1042 1113 1115 Vll.
1144 1042 1169 1112 i.
1196 1065 1243 1112 m.
1271 1043 1339 1114 diei
1365 1046 1385 1112 9
1410 1042 1468 1113 Ja-

187 1150 424 1222 nunrii1807.

258 1258 365 1329 Porro
391 1256 520 1328 Breve:
549 1253 801 1332 Sacrosantam,
828 1268 964 1346 praeter
987 1253 1283 1326 confirmationem
1310 1253 1467 1322 omniurn

188 1363 459 1456 privilegiorum,
485 1385 574 1455 quae
598 1362 667 1432 iarn
697 1375 797 1433 antea
821 1359 1089 1454 Congregationi
1107 1360 1205 1431 Ssrni
1223 1359 1468 1452 Redemptoris

186 1493 350 1543 concessa
378 1472 527 1552 fuerant,
558 1470 741 1561 speciatim
765 1469 1114 1539 communicationem
1140 1466 1359 1537 confirmavit
1385 1489 1467 1537 cum

187 1575 301 1646 tribus
325 1574 668 1668 (longregationibua
683 1573 829 1654 scilicet,
852 1573 1037 1645 Doctrinae
1065 1573 1293 1652 christianae,
1324 1572 1467 1643 Piorum

187 1679 457 1773 Operariorurn,
488 1693 523 1752 et
551 1681 764 1753 Clericorum
794 1678 1086 1750 Biscalceatorum
1118 1678 1245 1749 SSr'nae
1279 1678 1400 1749 Crucis
1429 1691 1466 1748 et

188 1788 376 1859 Passionis.
398 1788 444 1859 Et
467 1786 827 1867 animadvertebatur,
853 1785 955 1856 hasce
980 1785 1113 1855 Literas
1137 1783 1344 1876 apostolicas
1368 1785 1469 1854 datas

187 1896 308 1978 luisse,
327 1920 396 1968 non
415 1895 573 1967 informa
590 1895 859 1976 communi,sed
881 1895 915 1962 in
932 1893 1042 1964 forma
1066 1894 1201 1962 omnino
1225 1891 1468 1962 ectraordina-

188 2004 261 2083 ric,
282 2005 503 2076 continentes
533 2002 701 2074 clausulas
727 2003 986 2098 efficacissimas.
1017 2001 1148 2074 lbidem
1179 2023 1261 2073 vero
1294 1999 1468 2091 expressis

187 2106 302 2178 verbis
320 2110 492 2179 nominari
509 2107 760 2203 Exemptiancs,
777 2110 983 2200 easdemque
1000 2106 1141 2179 concedi
1160 2106 1264 2176 simul
1289 2127 1367 2176 cunr
1394 2127 1468 2174 cae·

188 2213 272 2283 teris
295 2213 486 2306 privilegiis
509 2213 683 2284 concessis
699 2226 734 2285 et
751 2213 978 2286 concedendis
1025 2211 1189 2305 praefatis
1214 2208 1408 2289 institutis,
1431 2221 1469 2279 et

188 2318 327 2410 quidem
355 2343 424 2390 non
456 2319 568 2391 obiter
594 2333 630 2390 et
659 2320 912 2414 perfunctorie,
943 2320 1003 2392 sed
1018 2343 1063 2390 ex
1090 2331 1187 2390 motu
1207 2317 1345 2410 proprio
1366 2330 1401 2388 et
1424 2340 1467 2386 ex

189 2435 283 2495 certa
300 2423 445 2497 scientia
453 2449 464 2511 3
482 2427 528 2497 ibi
552 2426 644 2497 enim
670 2427 810 2520 legitur:
833 2427 1036 2523 privilepia,
1053 2427 1351 2518 exemptiones...
1364 2423 1468 2494 etiam

189 2544 279 2599 mota
289 2532 427 2624 propria
443 2547 475 2603 et
492 2555 534 2602 ex
548 2547 641 2603 certa
656 2535 815 2616 scientio,
836 2559 876 2605 ac
891 2534 978 2606 alias
990 2558 1053 2629 per
1066 2533 1152 2614 Nos,
1175 2555 1233 2604 sea
1246 2553 1470 2626 quoscumque

191 2635 355 2706 Romanos
371 2635 550 2733 Pontifices
563 2639 833 2732 praedecessores
851 2656 978 2711 nostros
994 2661 1160 2720 concessa,
1183 2653 1215 2709 et
1239 2640 1276 2708 in
1297 2651 1468 2732 posterum

186 2741 265 2837 pari
295 2741 393 2812 mado
423 2745 644 2816 concedenda.
678 2746 791 2834 Quare
826 2747 921 2820 hisce
952 2746 1068 2820 verbis
1102 2745 1283 2816 dicebatur
1310 2765 1469 2835 compre-

189 2846 291 2918 hendi
309 2847 425 2918 omnia
441 2862 477 2920 et
494 2850 627 2942 singula
644 2851 823 2944 privilegia
846 2851 1021 2944 (exceptis
1045 2847 1466 2938 incommunicabilibus),

190 2953 293 3022 etiarn
320 2975 359 3024 ea
383 2976 472 3046 quae
498 2958 637 3028 rarioris
661 2969 697 3028 et
721 2959 924 3031 difficilioris
945 2971 1027 3029 sunt
1049 2958 1292 3032 concessionis.
1313 2956 1470 3028 Praescr

190 3059 254 3128 tim
279 3081 358 3130 cum
384 3059 418 3129 in
435 3060 558 3161 eodem
575 3062 677 3133 Brevi
694 3061 847 3133 clausula
872 3063 1040 3134 habeatur
1052 3087 1060 3131 :
1074 3063 1218 3158 perinde
1242 3085 1282 3131 ac
1298 3063 1328 3130 si
1343 3063 1469 3155 specia-

187 3162 267 3234 liter
290 3179 322 3235 et
345 3187 497 3261 expresse
521 3191 561 3239 ac
583 3169 816 3264 pariformiter
832 3188 864 3240 et
884 3192 987 3264 aeque
1004 3168 1241 3265 principaliter
1264 3169 1296 3237 ei
1314 3189 1468 3238 concessu

186 3268 350 3360 fuissent,
380 3272 579 3342 auctoritate
610 3288 642 3345 et
676 3288 789 3345 tenore
818 3277 1048 3371 praesentium
1075 3274 1310 3346 concedimus:
1340 3273 1469 3366 quibus

187 3376 322 3461 verbis,
342 3378 629 3470 subiungebatur,
648 3383 997 3454 communicationem
1011 3384 1081 3453 vim
1095 3383 1271 3474 acquirere
1289 3381 1469 3451 concessio·

186 3484 241 3552 nis
258 3483 417 3556 directae.
438 3486 554 3579 Neque
579 3487 707 3559 desunt
731 3490 817 3560 aliae
842 3490 1016 3560 clausulae
1039 3489 1317 3569 efficacissimae,
1340 3487 1467 3580 quibus

187 3613 354 3681 expresse
367 3591 879 3684 derogaturConstitutionibus
897 3609 931 3665 et
944 3594 1226 3666 Ordinationibus
1239 3591 1465 3686 Apostolicis,

187 3716 252 3765 nec
274 3719 342 3766 non
367 3697 515 3767 Statutis
540 3709 576 3769 et
600 3696 934 3780 Consuetudinibus,
964 3701 1069 3771 etiam
1095 3701 1309 3780 iuramento,
1343 3697 1467 3768 saniir·

187 3799 342 3872 matione
376 3803 585 3894 apostolica,
612 3801 667 3872 vel
699 3804 821 3894 quavis
852 3803 1015 3876 firmitate
1041 3805 1105 3875 alia
1132 3802 1318 3895 roboratis,
1346 3803 1467 3872 aliisve

186 3905 480 3999 quibuscumque,
503 3929 592 3998 quae
608 3906 787 3979 obstarent
811 3908 1114 3980 communicationi
1131 3907 1254 3978 horum
1273 3906 1465 3998 privilegio·

188 4034 264 4082 rum
290 4026 326 4083 et
351 4014 626 4107 exemptionum.

258 4119 313 4191 Ex
338 4133 459 4194 tenore
492 4123 598 4212 igitur
630 4123 753 4193 harum
784 4119 978 4193 Literarum
1009 4120 1298 4203 concludebatur,
1332 4118 1467 4189 Summi

188 4228 369 4300 Pantilicis
394 4231 622 4303 intentionem
655 4231 861 4322 firmamque
888 4228 1102 4299 voluntatem
1119 4227 1224 4297 luisse
1256 4226 1467 4297 concedendi

186 4335 452 4428 Congregationi
477 4336 573 4408 ssni
601 4337 843 4434 Redemptoris
867 4339 982 4408 omnia
1015 4337 1211 4430 privilegia,
1239 4349 1308 4404 tarn
1330 4337 1468 4431 pracin-

184 4439 345 4522 dicialia,
368 4464 471 4536 aarum
495 4465 560 4513 non
582 4441 868 4530 praeiudicialia,
900 4465 989 4536 quae
1021 4463 1184 4512 concessa
1217 4440 1353 4512 lucrant
1379 4440 1468 4511 Can·
