3248 5004
213 410 260 472 aa
708 429 986 479 utsrmcurronur.

218 529 417 616 narbor03
441 541 478 604 et
501 531 586 625 quid
609 531 652 605 de
676 533 744 604 illis
761 534 946 609 Canonicis
963 537 1022 630 qui
1039 536 1217 610 celebrant
1236 536 1271 607 in
1295 537 1413 609 eadem
1439 561 1480 612 cc

213 661 234 702 s
253 635 359 709 alesia
398 661 481 711 suae
506 640 700 712 devotionis
723 641 863 735 gratia?
888 645 955 727 An,
974 654 1011 716 et
1025 646 1164 738 quando
1188 645 1253 716 bao
1277 642 1319 716 de
1343 666 1446 716 causa
1470 669 1488 717 a

213 769 233 808 s
252 744 357 816 choro
374 744 514 828 absunt,
536 747 799 822 distributiones
816 749 969 843 recipere
984 751 1133 844 possint3
1146 761 1183 823 et
1199 749 1282 822 dato
1297 751 1388 844 quod
1405 773 1488 836 non,

213 876 233 916 a
252 852 333 942 quid
359 853 388 921 si
411 875 431 923 a
451 851 635 945 Superiora
658 852 824 926 ecclesiae
856 857 1057 950 iniungatur
1077 868 1117 927 ut
1136 880 1178 930 co
1205 870 1363 950 tempore
1391 858 1490 930 ocle-

212 986 231 1022 a
251 955 401 1028 brenti»

283 1063 333 1134 Re
361 1064 403 1134 ad
431 1061 576 1134 SSr'rium
602 1063 735 1148 delata,
762 1089 967 1160 responsum
991 1067 1076 1138 suit:
1103 1065 1231 1140 ssaas
1254 1067 1299 1140 D.
1321 1067 1488 1141 Netinos

210 1169 444 1239 exsertantia
469 1167 505 1241 S.
526 1167 799 1265 Conprepatioais
824 1171 969 1246 Consilii
995 1173 1178 1244 declaravit
1193 1198 1261 1245 aaa
1276 1197 1394 1270 posse,
1420 1175 1488 1244 nisi

208 1274 343 1367 qaroado
367 1275 415 1345 sic
438 1275 609 1345 iussissent
634 1273 831 1371 Superiores
835 1303 852 1360 ,⁰
874 1301 956 1374 quos
978 1295 1091 1350 tamea
1115 1279 1291 1352 admoneri
1314 1278 1434 1362 voluit,
1449 1296 1487 1350 ut

207 1379 252 1449 ab
276 1381 439 1451 eiusmodi
463 1382 556 1451 iussa
579 1401 615 1452 se
639 1381 837 1454 obstineant.

281 1485 327 1556 Et
351 1487 539 1558 secundum
565 1489 721 1560 tramites
737 1489 840 1560 huius
856 1490 1099 1564 declarationis
1138 1491 1415 1585 quamplurimae
1433 1514 1483 1562 so·

208 1605 338 1686 quutae
363 1605 445 1664 sunt
470 1581 720 1675 resolutiones,
740 1596 791 1665 uti
813 1597 930 1669 videre
947 1609 1001 1668 est
1018 1597 1052 1666 in
1070 1595 1300 1668 Interamoea.
1319 1599 1364 1668 93
1382 1597 1483 1667 Febr.

213 1706 315 1784 1771,
341 1702 377 1770 in
403 1700 540 1774 Comen.
562 1705 606 1774 93
624 1701 784 1774 Novcmd.
803 1704 918 1774 codem
942 1726 1054 1785 ariao,
1071 1705 1105 1772 in
1126 1727 1193 1797 qua
1219 1708 1397 1797 pmposito
1422 1706 1487 1776 du-

208 1807 286 1880 bio:
308 1836 323 1874 a
343 1810 394 1878 An
418 1809 633 1880 sustineatur
656 1810 871 1881 consuetudo
900 1809 1095 1882 celebrandi
1125 1809 1246 1882 Missas
1273 1809 1485 1882 aCanonico

210 1927 405 2008 atemporc
429 1917 590 1986 horarum
604 1915 867 1987 wcanonicalium
888 1942 904 1982 a
931 1917 1139 2009 rescriptum
1164 1915 1303 2009 prodiit:
1318 1918 1484 2008 repetire,

205 2023 276 2092 nisi
293 2021 334 2093 de
351 2020 503 2117 legitima
525 2023 708 2116 superioris
728 2020 878 2093 licentia.
898 2021 1108 2095 Nominatim
1126 2023 1260 2095 veroin
1278 2023 1315 2094 S.
1335 2022 1486 2092 Miaioa's

209 2131 232 2198 8
250 2127 431 2198 Febmarii
451 2133 553 2213 1817,
570 2140 606 2200 et
622 2129 657 2198 io
675 2128 855 2221 Arrapaiao
871 2133 917 2199 91)
934 2127 1018 2198 Noa.
1033 2133 1135 2206 1819.
1155 2129 1189 2197 in
1208 2151 1354 2221 quarum
1371 2131 1483 2222 prima

207 2235 250 2306 ad
276 2235 420 2306 dubium
440 2263 455 2302 a
473 2238 526 2305 An
544 2248 580 2307 et
596 2235 769 2327 quomodo
792 2234 959 2306 Canoniei
983 2235 1147 2308 absentes
1171 2235 1213 2305 ad
1231 2234 1369 2305 Missam
1393 2235 1485 2306 cele·

210 2368 227 2408 s
246 2341 412 2411 brandam
438 2355 593 2433 tempore
618 2341 765 2412 choralis
780 2339 995 2412 officiatur-ac
1025 2340 1151 2412 lucrari
1170 2341 1305 2433 possint
1320 2339 1485 2411 distrihu-

210 2479 226 2513 s
249 2449 359 2520 tiones
375 2448 629 2541 quotidianas.»
649 2446 721 2516 EE.
742 2447 863 2518 Patres
886 2446 1155 2538 responderunt:
1175 2445 1342 2540 nepotive,
1358 2447 1425 2514 alsi
1441 2446 1484 2515 dc

206 2555 379 2648 Praefecti
403 2552 540 2627 licentia
564 2555 599 2623 ia
620 2551 738 2647 populi
762 2553 991 2633 commodum·
1009 2554 1043 2622 in
1067 2553 1175 2626 altera
1200 2575 1283 2622 vero
1307 2573 1367 2644 pro
1391 2551 1483 2622 affir-

203 2662 335 2732 mativa
360 2660 533 2732 sententia
565 2671 759 2739 steterunt,
786 2659 828 2729 ad
853 2659 999 2730 formam
1033 2681 1158 2752 nempe
1183 2657 1480 2732 Constitutionum

207 2766 461 2861 capitularium,
479 2787 567 2857 quae
584 2764 861 2836 Constitutiones
877 2765 920 2834 ab
938 2765 1136 2857 apostolica
1153 2762 1241 2836 Sede
1258 2766 1479 2857 approbatae,

203 2895 368 2968 expresse
393 2871 614 2963 requirebant
639 2893 777 2941 causam
803 2871 1038 2955 necessitatis,
1065 2884 1106 2942 ut
1130 2871 1351 2964 Praepositus
1374 2871 1483 2945 licen·

203 2981 289 3050 tiam
315 2978 464 3051 exeundi
489 3001 508 3048 a
533 2977 637 3048 choro
663 2978 845 3049 tribueret.

274 3084 388 3173 Quota
405 3108 539 3156 rsnrrmt
559 3108 686 3156 auarus.
700 3083 893 3156 Praemisso
910 3083 1055 3156 Concilii
1072 3082 1169 3156 Trid.
1183 3083 1324 3156 decreto
1339 3107 1417 3155 sess.
1435 3089 1480 3154 tt

202 3218 277 3289 cop.
302 3197 343 3262 19
368 3193 410 3264 de
427 3191 576 3286 Reform.
596 3215 665 3285 quo
682 3205 853 3264 statutum
879 3206 945 3276 est,
972 3206 1013 3264 ut
1028 3192 1195 3265 Canoniei
1211 3189 1372 3287 Episcopo
1395 3191 1482 3264 ccle-

203 3301 317 3371 hruati
333 3315 392 3370 aut
409 3297 479 3369 alia
492 3296 699 3394 pontificalia
723 3299 893 3368 camerati
916 3300 1071 3370 assistere
1088 3312 1120 3370 et
1136 3297 1301 3368 inservire
1316 3298 1478 3379 debcant,

202 3403 417 3494 allegabatur
428 3404 615 3476 auctoritas
629 3402 779 3494 Fagnani
793 3403 851 3495 qui
865 3401 888 3471 l.
898 3401 1164 3475 llldecrclicet
1176 3405 1282 3472 nass
1295 3402 1336 3474 de
1343 3401 1478 3498 praed„

200 3535 247 3582 ex
265 3533 306 3582 co
323 3511 470 3582 Decreta
486 3510 611 3602 arguit,
632 3507 850 3601 quotidianas
866 3509 1129 3582 distributiones
1146 3508 1263 3580 deberi
1281 3507 1478 3590 canonicis,

203 3617 262 3710 qui
290 3627 454 3687 tenentur
477 3615 637 3686 assistere
671 3626 706 3686 et
723 3614 888 3687 inservire
914 3614 1087 3708 Episcopo
1112 3611 1321 3696 celebranti,
1340 3627 1376 3684 et
1393 3636 1481 3707 pon-

203 3720 342 3793 tificalia
367 3723 564 3800 exercenti,
584 3731 656 3789 tum
684 3720 717 3787 in
743 3718 952 3799 cathedrali,
970 3730 1046 3789 tum
1064 3720 1099 3787 in
1117 3717 1193 3788 aliis
1210 3719 1363 3788 civitatis
1379 3718 1478 3797 locis,

202 3842 307 3922 atque
332 3828 407 3900 eius
431 3825 618 3896 suburbiis.
630 3824 727 3911 Quod
746 3825 850 3896 etiam
869 3825 978 3914 magis
994 3824 1147 3897 declarat
1164 3822 1372 3896 Benedictus
1388 3821 1478 3892 xtv.

201 3933 312 4005 instit.
334 3929 449 4004 eccles.
473 3935 536 4000 107
554 3933 585 4024 §.
606 3933 625 4000 9
645 3953 679 3998 a.
701 3933 757 4010 60,
776 3930 915 4012 docens,
935 3929 1128 4000 Canonioos
1145 3930 1203 4022 qui
1221 3947 1365 4022 operam
1380 3950 1480 4023 prac-

199 4039 287 4112 bent
312 4039 485 4131 Episcopo
509 4037 543 4106 in
569 4033 755 4107 cathedrali
781 4035 984 4107 solemniter
1008 4032 1214 4120 celebranti,
1240 4043 1379 4129 praesto
1402 4057 1479 4104 esse

196 4147 329 4218 debere
353 4145 466 4216 eidem
492 4143 678 4236 Episcopo,
704 4142 808 4213 ctiam
835 4153 935 4213 extra
958 4140 1210 4224 cathedralem,
1236 4139 1309 4209 sire
1333 4136 1480 4210 Ordina-

198 4266 314 4323 trones
339 4250 504 4333 obeunti,
531 4250 603 4320 sive
628 4247 843 4318 Pontifioalia
867 4247 1058 4340 peragenti.
1085 4246 1158 4319 imo
1184 4248 1252 4316 iam
1284 4245 1480 4337 praeiverat

196 4359 237 4429 S.
255 4356 484 4450 Congregatio
501 4356 658 4428 eamdem
675 4353 816 4424 firmans
840 4353 1047 4434 doctrinam,
1065 4353 1270 4446 praesertim
1288 4351 1324 4420 ia
1342 4350 1474 4424 Licicn.

201 4468 244 4535 17
262 4464 406 4558 depasti
428 4467 527 4542 11111,
547 4463 647 4533 cuias
664 4460 909 4532 resolutionem
930 4459 1061 4530 videbis
1079 4459 1111 4527 in
1130 4459 1235 4529 calce.
