3282 5008
624 449 626 454 Ι
711 385 864 434 arrsnurx
890 383 934 434 tr.
1387 363 1452 434 tit

179 491 290 556 lenter
317 492 487 574 peculiares
510 493 703 558 ecclesiastici
731 493 789 555 riri
840 492 1124 568 otiosaemancant;
1143 493 1299 569 videlicet,
1313 494 1455 575 adprec-

179 599 189 670 (
199 613 304 657 omnes
322 597 401 657 euim
421 595 568 659 oilicialcs
580 598 610 658 S.
627 597 790 660 l’ocniten·
840 595 930 656 cisum
948 602 980 656 et
1002 601 1173 657 accuratam
1191 595 1392 660 directionem
1407 599 1455 660 in-

178 699 283 759 tiariae
308 697 505 760 ecclesiastici
524 716 588 761 esse
611 698 740 772 debenti
757 699 788 759 in
839 694 1017 777 dicandam,
1044 714 1103 777 qua
1127 699 1244 776 possint
1268 697 1375 761 literae
1402 719 1454 762 re·

177 817 257 880 quos
278 799 414 861 cilicium
438 800 588 884 incumbit
618 799 789 880 excipiendi
839 799 1013 878 sponsionis
1028 799 1164 862 inscribi.

177 902 405 982 supplicantes,
425 904 478 982 qui
495 905 519 964 si
535 901 694 980 indigeant
716 919 789 980 sup·
904 900 1448 982 ltemattondendumgencrstimest,

178 1004 250 1083 plici
272 1002 379 1065 libello
399 1005 431 1065 in
456 1003 578 1084 scriptis
600 1002 786 1080 exhibendo,
838 1018 876 1062 ne
896 1005 1022 1083 proprie
1046 1003 1186 1066 locorum
1208 1008 1332 1068 nornine
1354 1007 1452 1070 latino

176 1106 215 1167 ab
228 1105 333 1167 iisdem
349 1104 532 1168 officialibus
547 1109 644 1183 gretie
661 1107 786 1168 omnino
837 1100 984 1166 idiomate
998 1105 1182 1169 scribantur.
1203 1108 1348 1186 Persaepe
1370 1110 1452 1170 ‹nirn

176 1213 328 1268 exaratur.
361 1209 429 1270 lmo
461 1207 484 1268 si
524 1207 563 1270 de
600 1207 787 1288 pauperibus
837 1202 925 1264 aliter
946 1211 1057 1266 sonant
1079 1208 1206 1286 propria
1229 1207 1368 1270 locorum
1390 1225 1448 1270 no·

175 1307 322 1371 illiteratis
348 1316 484 1387 agatur,
508 1311 561 1390 qui
588 1309 787 1390 personaliter
837 1305 917 1366 mina
932 1304 1026 1368 latine
1041 1308 1180 1385 prolata,
1204 1327 1240 1370 ac
1263 1327 1324 1371 non
1341 1319 1451 1372 sonent

175 1415 205 1476 s,
220 1411 487 1475 Paenitenrinrinm
510 1410 632 1487 adeant,
647 1417 711 1474 tnm
734 1409 788 1472 he·
838 1407 1001 1468 vernaculo
1021 1406 1188 1485 idiomate3
1208 1427 1308 1490 nequo
1329 1411 1448 1474 lexicon

175 1515 265 1594 „igne
285 1514 494 1592 sarpiuntur,
509 1519 543 1576 ut
565 1514 693 1575 murm„
715 1513 787 1574 δοιῇ.
837 1505 1451 1590 itaperlectumbabetur,quodomnium

175 1613 309 1677 citudine
320 1619 351 1676 et
365 1613 510 1677 facilitate
525 1631 632 1676 eorum
650 1615 784 1694 negotia,
836 1607 1357 1693 borumuomiaumsiguiiicationes
1367 1614 1453 1678 erbi-

176 1718 220 1779 uti
237 1733 289 1796 par
306 1720 364 1794 est,
378 1716 591 1797 expedientur.
836 1707 920 1773 beat.

238 1818 361 1880 luterim
383 1817 423 1880 ab
446 1817 588 1881 omnibus
603 1825 710 1881 sancte
723 1835 785 1881 scr·
900 1813 1007 1894 tthue
1027 1813 1136 1878 desum
1159 1817 1211 1896 qui
1233 1815 1360 1896 aliquod
1385 1817 1445 1880 ob·

174 1925 264 1980 ratur
280 1919 444 1982 iuramenti
456 1918 533 1983 tides
547 1919 631 2001 quod
646 1921 784 2000 quisquis
836 1931 959 1977 scutum
980 1919 1182 1997 ignotumque
1201 1919 1384 1999 oppidulum
1403 1919 1451 1980 rel

175 2039 210 2082 er
224 2019 313 2083 dictis
327 2019 519 2084 Oilicialibus
534 2022 674 2084 emittere
694 2029 783 2085 tene·
836 2023 967 2078 castrum
977 2017 1125 2094 indicent,
1135 2021 1208 2099 quiu
1223 2019 1388 2083 di⁰⁸⁰⁰⁸im
1400 2022 1450 2083 Vel

174 2131 225 2185 tur
249 2123 376 2202 singulis
398 2125 485 2187 annis
505 2123 563 2186 sub
585 2124 643 2186 bac
665 2133 785 2188 vetusta
836 2119 1024 2198 producitur
1044 2129 1160 2198 nolum,
1179 2123 1211 2184 in
1230 2140 1292 2202 que
1310 2122 1363 2186 illa
1380 2123 1450 2185 loca

173 2225 338 2288 verboram
361 2225 509 2290 lormnla:
529 2253 541 2279 ι
555 2229 618 2305 Epo
633 2230 672 2289 tv.
686 2247 785 2306 repens
835 2221 1041 2301 reperiuntur,
1054 2224 1227 2302 nominent,
1240 2231 1272 2287 et
1286 2225 1449 2288 maximam

178 2354 191 2381 .
210 2324 299 2410 (sinn
312 2326 388 2391 nima
402 2329 510 2392 titulus
524 2327 691 2392 secundnm
709 2329 783 2392 osfi.
836 2321 1005 2386 molestiam
1019 2324 1171 2387 interdum
1181 2325 1370 2390 Officialibus
1384 2345 1450 2390 cre·

177 2457 191 2484 s
209 2430 289 2490 cium
302 2446 365 2510 quo
379 2430 648 2510 iaraastuneicur)
661 2433 785 2494 etiarn
834 2429 898 2499 ant,
908 2426 975 2505 qui,
986 2429 1164 2507 ceteroquin
1177 2429 1287 2491 soliciti
1298 2429 1450 2494 utliterue

177 2559 191 2586 .
208 2535 239 2592 tn
252 2539 336 2593 maan
350 2532 476 2610 (idunan
489 2534 641 2614 praesenti
661 2533 739 2598 horn
753 2542 785 2597 er
835 2528 1042 2607 responsionis
1063 2537 1204 2592 accurate
1221 2530 1446 2606 inscribantur,

178 2632 372 2714 »dninnspap
395 2655 444 2697 m
474 2637 567 2700 rasta
595 2643 624 2697 nr
651 2638 785 2698 ntentans
833 2627 986 2713 susdeque
1026 2631 1058 2693 iu
1086 2635 1216 2713 receptis
1239 2632 1335 2696 literis
1356 2652 1449 2714 saepe

177 2761 190 2788 ι
208 2737 245 2797 B.
262 2738 350 2797 Petro
371 2745 400 2798 et
421 2740 460 2802 b.
479 2740 518 2801 lt.
538 2741 646 2817 Papae,
667 2745 784 2818 stupes
834 2732 969 2812 copiosis
989 2733 1146 2814 inquirere
1164 2733 1202 2796 de
1217 2735 1391 2816 provincia,
1408 2736 1449 2798 do

178 2865 191 2890 ι
207 2839 418 2900 sacceuoridas
440 2845 572 2901 canonice
596 2841 783 2904 intrantibus:
834 2833 966 2898 dioecesi
983 2834 1097 2898 debent
1110 2843 1144 2898 ut
1159 2836 1252 2900 rerba
1266 2837 1444 2901 directionis

178 2967 191 2992 ·
208 2939 329 3016 affinem
346 2959 440 3002 meam
456 2944 579 3008 tidstiter
592 2945 742 3018 wercede,
756 2951 785 3005 et
833 2937 922 3000 simut
944 2938 1126 3000 concinnare
1148 2940 1278 3017 possint.

177 3064 190 3090 ·
209 3041 315 3115 pestiq-
331 3043 448 3116 masqsra
463 3046 573 3102 ratim
585 3043 663 3102 aiiii!
670 3044 709 3103 ab
721 3043 783 3103 ott·
896 3041 975 3102 lliuc
993 3058 1031 3101 ue
1048 3041 1153 3103 literne
1166 3047 1297 3122 propter
1310 3042 1363 3103 bas
1373 3059 1436 3104 cau·

177 3162 189 3188 .
208 3135 319 3212 quibas,
331 3140 417 3196 ettam
427 3139 660 3214 rpoateodtatara
671 3141 718 3200 act
729 3142 783 3199 da·
834 3160 882 3204 sas
894 3143 959 3204 sina
973 3142 1086 3205 ellectu
1104 3145 1134 3205 iu
1152 3146 1182 3206 S.
1200 3146 1235 3208 Ρ.
1251 3151 1426 3206 remaneant

176 3263 189 3288 ·
207 3245 319 3312 natum,
342 3243 483 3316 accipiam
500 3247 704 3318 praeterquam
727 3241 783 3302 Sa·
835 3243 1001 3306 curandum
1013 3250 1158 3324 estquem
1171 3246 1448 3323 tussimquteius·

175 3364 189 3391 ·
209 3341 315 3400 tartara
340 3340 411 3399 milri
435 3345 645 3403 constitutum:
675 3353 784 3405 secreta
835 3345 919 3407 modi
935 3344 1119 3408 directiones
1135 3346 1309 3408 scribantur
1322 3348 1353 3408 in
1369 3363 1448 3425 pro·

175 3467 188 3493 ·
205 3443 237 3502 S.
255 3444 495 3504 Pomitentiariaa
516 3453 544 3505 et
559 3446 681 3505 ocmrttos
701 3463 784 3506 caras
836 3451 901 3527 pria
920 3448 1061 3510 locorum
1093 3446 1219 3528 lingua,
1243 3447 1394 3511 distinctis
1416 3453 1448 3510 et

174 3566 187 3593 ι
206 3559 242 3600 aa
258 3546 408 3618 l’ersonas,
426 3544 463 3604 de
476 3547 661 3622 qaidasinea
675 3553 784 3606 tracta·
833 3551 1000 3631 perspicuis
1010 3548 1228 3626 caracteribus,
1243 3549 1448 3629 eaeterisque,

173 3668 187 3695 ι
207 3645 296 3721 diter,
316 3663 461 3722 nunquam
481 3654 613 3725 cuiqnam
629 3656 714 3709 satra
731 3649 784 3725 Os·
834 3657 984 3732 quatenus
1000 3668 1079 3731 opus
1094 3652 1151 3728 sit,
1167 3650 1343 3712 nominibus
1355 3651 1444 3712 dioe-

173 3769 186 3796 ·
206 3748 301 3808 daura
322 3747 624 3829 (Paenitentieriue)
637 3751 778 3826 recelabo,
834 3751 1448 3833 cesisetprovincieeindicutis,quinali-

173 3871 186 3898 ·
204 3853 233 3906 ci
244 3852 286 3908 tto
299 3853 363 3910 tero
376 3851 415 3908 od
427 3858 606 3911 sacrosancta
618 3853 671 3912 Dei
682 3853 782 3912 Evan-
834 3853 910 3933 quid
925 3853 1006 3915 iuter
1021 3854 1093 3914 baec
1109 3855 1344 3931 intromittatur,
1360 3853 1446 3933 qnod

174 3975 187 4000 ·
202 3949 293 4025 petia.
304 3950 566 4014 -ssensuicextu
583 3952 614 4014 iu
627 3952 732 4016 const.
745 3955 783 4014 Ia
832 3952 1077 4032 aequivocationi
1088 3955 1279 4015 occasionem
1290 3953 1447 4033 praebeat.

169 4051 353 4128 apostaticae.
898 4053 1017 4115 Debent
1035 4061 1135 4116 autem
1150 4055 1362 4135 supplicantes
1376 4073 1448 4115 suas

233 4149 325 4225 Quod
337 4151 375 4215 ad
390 4152 514 4215 modum
526 4155 719 4236 supplicandi
737 4163 783 4219 et·
835 4155 965 4231 diripere
981 4156 1127 4235 epistolas
1138 4159 1445 4218 adEmiaeatirrimam

170 4254 246 4316 tinet
260 4253 437 4338 perliteras,
449 4255 719 4320 illudestmesime
738 4266 782 4321 at·
834 4260 1016 4320 cardinalem
1033 4261 1285 4320 Paeniteattariam
1295 4265 1443 4338 maiorem,

171 4351 358 4416 tendendum
385 4375 422 4418 ne
447 4359 552 4420 literae
566 4359 680 4421 Romae
698 4377 782 4422 rece-
833 4360 927 4441 uei,si
938 4363 1048 4440 placet,
1058 4361 1180 4424 inscribi
1194 4361 1300 4424 literae
1315 4370 1448 4442 possunt

172 4462 243 4528 stae
271 4457 301 4517 in
333 4458 363 4519 S.
391 4452 643 4523 l‘ocnitentiuriae
670 4459 782 4524 Olficio
833 4466 865 4524 S.
892 4465 1042 4524 tribunati
1060 4467 1301 4526 Paenitentiariac
1323 4470 1446 4526 Anasta·
