3282 5008
441 559 486 662 ll
510 561 540 663 l.
559 563 857 671 tultttttttttt
882 570 1221 677 llllllll'lllllll.

346 969 739 1049 CONGREGdTlOlllS
762 977 799 1050 S.
817 978 1059 1053 BENElllC'll
1083 982 1127 1054 tu
1152 980 1318 1055 uatum

261 1182 450 1255 Ducaeruu.
469 1187 536 1256 «ln
552 1189 770 1280 generalibus
786 1189 946 1263 Comitiis
971 1193 1094 1265 Sacrae
1117 1193 1223 1265 huius
1239 1192 1471 1284 Indulgentia-

191 1312 268 1360 rum
280 1289 577 1384 Congregationis,
595 1294 722 1365 habitis
738 1297 794 1368 die
807 1297 1037 1369 telonearii
1054 1303 1155 1381 tuot,
1170 1296 1351 1390 sequentia
1368 1297 1470 1366 dubia

191 1420 252 1490 per
277 1398 438 1470 loannem
471 1399 661 1494 baptistam
688 1401 822 1475 Nicolas
848 1406 1053 1477 Monachum
1084 1403 1370 1497 Congregationis
1393 1400 1472 1472 Gal-

190 1499 276 1576 licae
301 1504 418 1576 Sancti
443 1504 622 1578 Benedicti
648 1511 822 1602 proposita
847 1509 980 1581 luere.»

265 1613 295 1678 l.
309 1609 421 1680 «Cum
435 1633 479 1683 ex
491 1611 638 1683 diversis
651 1613 808 1685 Decretis
824 1613 860 1684 S.
875 1613 1158 1706 Congrcgntionis
1176 1612 1470 1705 indulgentiarum

190 1715 259 1786 iam
285 1715 389 1788 liceat
415 1719 531 1812 plures
555 1719 733 1790 Plenarias
758 1720 992 1812 indulgentias
1016 1722 1134 1793 eadem
1159 1721 1215 1792 die
1241 1720 1391 1803 lucrari,
1418 1741 1473 1789 so-

188 1820 272 1894 lutis
297 1824 430 1896 scilicet
454 1826 730 1909 conditionibus,
756 1830 936 1921 quaeritur
967 1851 1010 1900 an
1043 1829 1173 1901 dictum
1200 1829 1385 1902 Decretum
1419 1849 1473 1898 re·

190 1929 312 2020 spiciat
336 1927 426 2002 solas
463 1932 693 2026 indulgentias
717 1935 753 2004 in
778 1956 846 2005 una
871 1935 928 2007 die
952 1948 1173 2007 occurrentes
1206 1948 1349 2027 propter
1373 1932 1474 2006 losti-

192 2034 357 2119 ritatem,
396 2037 450 2110 vol
488 2039 604 2131 potius
640 2040 745 2112 etiam
783 2040 860 2112 illas
896 2039 984 2134 quas
1019 2043 1254 2135 unusquisqne
1290 2041 1335 2112 ob
1371 2060 1469 2110 suam

185 2137 406 2212 devotionem
431 2143 505 2226 tali,
532 2167 594 2236 per
617 2144 867 2218 hebdomadam
893 2157 954 2218 aut
979 2169 1153 2232 mensem,
1180 2149 1247 2220 diei
1269 2146 1467 2218 adfixerit.»

258 2250 292 2315 2.
325 2276 339 2312 a
353 2247 420 2334 Qui
446 2249 594 2322 llecreto
618 2251 693 2343 ipso
709 2250 762 2321 uti
779 2251 949 2336 voluerit,
968 2275 1010 2324 an
1029 2266 1187 2325 teneatur
1203 2252 1396 2325 Ecclesiam
1415 2253 1469 2322 vol

182 2354 366 2448 publicum
392 2355 589 2428 Oratorium
616 2356 757 2428 visitare
783 2355 942 2451 (quando
966 2379 1091 2451 nempe
1115 2359 1304 2451 requiritur
1328 2357 1408 2427 talis
1424 2360 1471 2426 vi·

185 2459 323 2554 citatio)
352 2461 496 2533 totidem
522 2461 675 2543 vicibus,
695 2473 781 2552 quot
805 2474 887 2533 sunt
904 2462 1139 2554 indulgentiae
1164 2461 1430 2534 lucrifaciendas
1450 2494 1466 2527 ι

260 2568 335 2638 uEt
359 2579 530 2661 quatenus
555 2567 807 2640 affirmative.»

257 2677 291 2747 3.
321 2680 402 2747 «dn
429 2676 597 2757 sufficiat,
623 2677 722 2747 utin
748 2701 815 2748 una
868 2677 1056 2770 eademque
1088 2676 1244 2750 Ecclesia
1270 2686 1323 2746 tot
1347 2697 1470 2768 preces

184 2808 247 2857 seu
281 2785 498 2856 visitationes
530 2795 754 2876 repetantur,
788 2798 876 2878 quot
899 2797 982 2854 sunt
1006 2783 1244 2877 indulgentiae
1267 2781 1467 2862 lucrandae,

183 2890 269 2983 quin
295 2890 337 2962 de
363 2890 515 2963 Ecclesia
542 2902 622 2982 post
646 2890 839 2983 quamlibet
873 2890 1108 2962 visitationem
1138 2889 1217 2982 quis
1249 2889 1466 2980 egrediatur,

183 3009 223 3069 et
246 2996 360 3068 denuo
385 2998 418 3067 in
445 3020 520 3068 eam
547 2997 794 3088 ingrediatur.»

259 3103 390 3175 <illisce
414 3105 531 3197 itaque
556 3104 600 3173 ab
625 3102 919 3175 Eminentissimis
934 3102 1095 3174 Patribus
1119 3114 1254 3174 mature
1278 3101 1464 3181 discussis,

183 3209 353 3302 Votisque
378 3208 625 3282 Consultorum
650 3211 849 3302 perpensis,
876 3210 1152 3302 respondendum
1176 3231 1252 3279 csse
1268 3221 1468 3279 statuerunt

183 3342 204 3381 o
223 3315 273 3384 Ad
291 3315 443 3407 primum
461 3315 682 3408 Affirauotive.
701 3316 753 3385 Ad
773 3315 970 3388 Secundum
995 3313 1216 3410 Affirmotive.
1235 3316 1287 3385 Ad
1306 3314 1466 3385 Tertium

185 3421 385 3514 Negotium

256 3527 385 3599 Datum
414 3527 544 3600 Romae
569 3549 611 3598 ex
638 3524 830 3598 Secretaria
854 3525 891 3596 S.
918 3519 1201 3618 Congregationis
1234 3522 1468 3613 indulgentia·

190 3649 265 3703 rum
290 3632 347 3705 die
364 3635 408 3702 29
427 3631 603 3704 Februarii
625 3635 726 3702 tuot.

374 3791 413 3862 F.
433 3793 600 3864 daremus
624 3792 729 3865 llrnu
754 3793 856 3866 Card.
876 3793 1075 3865 Parenranco
1099 3791 1310 3865 Praefectus.

188 3889 279 3974 boco
297 3898 343 3992 ᾖ
360 3899 455 3992 Signi

993 4057 1027 4111 Α.
1046 4055 1186 4112 Coronen
1204 4051 1376 4111 secretarius
