3248 5004
464 546 511 652 ll
535 545 565 648 l.
585 541 885 648 tttttttttttlt
914 537 1086 642 ttlttttt.

688 838 877 857 —-·—

580 1058 977 1136 DlSTRlBUTlONUll.

204 1277 246 1328 Ἃ
268 1273 425 1328 maenum
444 1275 521 1327 teet.
1000 1265 1384 1338 transreninarum.

214 1499 500 1566 compendium
517 1497 626 1556 tosta
644 1485 737 1558 lnter
748 1483 964 1578 Capitulares
980 1484 1187 1556 cathedralis
1199 1483 1365 1558 eeclesiae
1377 1483 1418 1554 Α.

141 1592 330 1663 nonnullae
354 1590 577 1662 difficultates
600 1601 743 1672 exortae
766 1588 917 1671 sueram,
944 1589 1035 1660 eirea
1059 1589 1322 1662 distributiones
1338 1611 1425 1682 quo·

144 1698 294 1768 tidianas
310 1719 396 1791 quas
411 1695 576 1768 Canonici
591 1696 830 1790 percipiebant
845 1695 928 1766 dum
946 1695 992 1766 ob
1015 1696 1127 1768 varios
1143 1696 1266 1766 titulos
1282 1719 1301 1766 a
1319 1697 1425 1767 choro

145 1801 324 1886 abessent,
347 1802 456 1872 innixi
475 1802 679 1895 praesertim
696 1800 1005 1874 consuetudinibus
1028 1823 1111 1872 suae
1130 1801 1308 1874 ecclesiae.
1327 1800 1425 1886 Quae

148 1905 371 1980 difficultates
388 1918 426 1976 ut
439 1906 481 1977 de
494 1905 567 1978 iure
579 1906 836 1978 resolverentur
868 1907 1138 1978 Arclridiaeonus
1150 1906 1243 1977 illius
1258 1907 1426 1979 ecelesiae

146 2011 340 2103 supplicem
367 2012 521 2084 libellum
541 2011 583 2081 ad
605 2011 801 2084 Romanum
824 2011 1028 2086 Pontificem
1046 2012 1160 2096 misit,
1177 2013 1213 2082 in
1241 2034 1311 2106 quo
1332 2013 1426 2084 varia

148 2117 322 2212 postulata
348 2119 619 2213 reperiebantur.

218 2222 387 2296 Remissis
404 2249 422 2296 a
439 2223 546 2296 SSriio
571 2226 613 2296 ad
638 2226 674 2297 S.
694 2225 1006 2316 congregationem
1023 2221 1168 2294 Consilii
1193 2222 1372 2316 precibus,
1390 2235 1426 2294 et

148 2329 184 2398 S.
209 2327 250 2398 C.
277 2329 320 2401 de
345 2351 442 2405 more
467 2330 508 2402 ad
532 2331 839 2426 Arebiepiseopum
865 2331 907 2402 Α.
921 2352 984 2427 pro
1008 2330 1248 2423 informatione
1274 2341 1307 2398 et
1334 2341 1428 2408 voto,

147 2447 251 2526 utque
274 2432 391 2504 audito
416 2431 562 2530 capitulo
581 2435 793 2531 inscriptis,
819 2437 960 2529 referret
982 2457 1084 2529 super
1107 2433 1296 2505 enrtneiatis
1321 2431 1426 2503 titulis

147 2538 385 2631 exemptionis,
395 2539 485 2610 idem
494 2538 783 2632 brchiepiscopus
795 2561 958 2633 responsa
971 2538 1223 2632 Capitularium
1238 2538 1427 2620 exbibens,

149 2665 255 2735 saper
274 2642 434 2714 omnibus
459 2656 610 2716 mentem
637 2666 737 2714 suam
761 2647 876 2738 aperui
886 2669 909 2716 r.

222 2747 388 2818 Rationes
411 2747 663 2842 Capitularium
688 2749 900 2841 attingemus
925 2747 960 2816 in
985 2749 1144 2840 sequenti
1169 2749 1350 2841 synoptico
1378 2747 1428 2818 di·

151 2853 381 2946 sceptatione.
407 2851 623 2924 Concinnata
648 2853 764 2945 itaque
789 2874 832 2923 en
855 2852 965 2946 officio
989 2851 1130 2923 luerunt
1153 2853 1269 2924 omnia
1287 2851 1428 2946 Capita·

153 2959 276 3030 larium
302 2957 477 3053 postulata
501 2959 567 3030 sub
591 2958 706 3029 dubiis
730 2960 764 3028 in
791 2958 885 3030 calce
910 2959 1046 3051 positis.

552 3131 796 3195 Disceptatio
817 3132 1033 3194 nyrsoptres.

223 3275 328 3348 Plura
345 3300 388 3348 eu
402 3277 512 3372 affine
529 3279 564 3348 in
581 3279 646 3351 bac
662 3278 808 3350 materia
824 3279 959 3350 orudite
976 3277 1224 3360 afferebantur,
1239 3298 1348 3368 eaque
1359 3276 1432 3347 iero

153 3381 271 3454 omnia
285 3381 365 3454 beic
381 3403 607 3476 exponemus.

225 3485 432 3579 Priusquam
449 3487 491 3558 de
508 3485 653 3578 singulis
670 3501 832 3581 ageretur
848 3488 982 3571 dubim,
1001 3489 1085 3558 baec
1103 3487 1277 3579 generalia
1293 3487 1432 3557 decreta

156 3591 480 3684 praemittebantur.
491 3590 688 3663 Boniiacius
703 3592 788 3664 Vlll.
798 3595 967 3686 capunic.
976 3592 1025 3663 De
1037 3591 1167 3662 clericis
1179 3613 1246 3660 non
1260 3591 1434 3661 residenti·

154 3697 227 3767 bus.
237 3697 275 3766 in
288 3700 308 3766 6
321 3699 406 3770 haec
419 3697 538 3768 edixit.
555 3695 837 3770 Consuetudinem
848 3697 1132 3794 quae...in0levit,
1143 3719 1210 3791 qua
1223 3696 1430 3769 Canonici...

155 3827 214 3874 seu
240 3801 365 3876 Clerici
388 3803 692 3875 cathedralium...
710 3804 960 3876 distributiones
982 3804 1196 3898 quotidianas
1222 3805 1333 3897 (quae
1347 3800 1434 3872 alias

157 3906 333 3978 matralia
356 3907 517 4001 beneficia
540 3932 600 3980 seu
624 3907 785 3979 victualia
809 3924 1049 4001 nuncupantur
1073 3924 1103 3978 et
1129 3922 1261 3977 tantum
1285 3907 1434 3977 residen-

155 4013 243 4084 tibus
259 4013 455 4084 tribuuntur
463 4017 478 4100 )
495 4014 784 4108 qualitercumque
799 4015 837 4084 in
853 4015 1043 4086 civitatibus
1059 4037 1117 4085 sen
1135 4013 1213 4084 aliis
1230 4012 1435 4083 lecis...sint

155 4131 371 4214 praesentes,
410 4117 485 4190 lieet
518 4117 644 4189 divinis
668 4119 788 4214 officiis
813 4142 880 4189 non
904 4120 1087 4200 intersint,
1111 4141 1154 4188 en
1177 4119 1305 4210 inteqro
1327 4117 1436 4211 perci·

154 4225 276 4319 piant,
299 4244 340 4292 ae
362 4223 394 4292 si
417 4223 573 4294 continue
596 4225 679 4318 ipsis
703 4221 851 4295 ecclesiis
876 4225 912 4293 in
936 4223 1061 4294 eisdem
1085 4223 1206 4318 officiis
1229 4222 1436 4293 deservirent

153 4328 289 4424 penitus
305 4327 546 4422 improbantes:
562 4326 742 4397 statuimus
758 4341 795 4395 ut
811 4326 1060 4399 distributiones
1076 4329 1168 4423 ipsae
1192 4325 1436 4420 quotidianae,

153 4433 192 4502 in
208 4432 469 4529 quibuscumque
485 4431 582 4503 rebus
597 4431 794 4512 corrsistant,
812 4429 1265 4504 Canonieis....ecelesiarum
1283 4433 1436 4529 ipsarum

259 4568 342 4631 Acta,
363 4567 429 4618 tona.
449 4567 475 4630 1,
485 4561 563 4628 sarr.
585 4565 622 4614 tt.
1351 4573 1367 4616 ι
