3282 5008
196 384 261 454 ¹24
721 419 871 466 rrrusout
898 421 940 468 rr.

196 545 209 571 ·
223 525 329 580 {merto
344 528 426 580 acet.
446 521 508 582 Nec
524 524 562 582 ad
578 540 638 584 rcrn
656 523 801 604 pertinet,
854 525 966 606 quibus
987 527 1156 605 dispensari
1179 527 1268 590 sotei.
1285 525 1472 590 Liberalitas

196 649 209 678 ι
225 621 310 703 quod
320 623 484 685 iusmuturi
499 631 617 703 potestz
631 631 661 686 ct
674 624 705 686 id
716 626 802 705 quod
854 628 935 688 enirn
948 629 1108 708 Principis,
1119 647 1173 708 per
1185 631 1329 709 repetitas
1342 628 1471 708 dispen-

195 725 411 804 ‚impossibile
434 730 498 801 est,
523 732 627 805 postes
659 728 804 806 possibite
853 731 1005 804 sationes,
1041 749 1142 810 raeque
1167 737 1305 792 naturam
1341 737 1471 793 contre·

195 825 303 890 ·ticri.
324 829 392 890 Non
414 829 493 890 enim
516 828 683 894 secundum
708 830 802 892 tutori
854 839 960 893 ctuum
972 833 1123 905 immutat,
1143 850 1242 913 noque
1256 833 1304 894 ius
1320 832 1464 910 obrogat.

195 932 370 1010 -teurporis
385 931 449 1005 ius,
461 930 514 992 sed
529 929 695 992 secuudum
709 949 801 1012 pree·
853 931 955 1008 Quare
964 933 989 992 si
999 931 1294 1012 quistatenturnuttu
1302 949 1469 1012 esscspon·

194 1033 340 1110 acutis,
377 1033 526 1094 aestimari
550 1033 643 1095 debet
669 1034 800 1113 stipula·
852 1033 926 1094 satia
941 1031 999 1094 sub
1013 1032 1094 1100 diets
1110 1033 1285 1096 conditione
1296 1032 1464 1110 celebrato,

194 1135 298 1196 ·tio.·
852 1135 882 1195 iu
906 1153 978 1196 casu
999 1134 1207 1215 impedimenti
1223 1153 1313 1214 super
1326 1151 1392 1214 quo
1405 1135 1468 1196 dit-

252 1237 358 1316 Neque
371 1234 473 1296 sotido
489 1235 612 1297 ridetur
624 1237 713 1298 inniti
726 1237 800 1298 tun·
853 1234 934 1297 sseite
963 1236 1148 1314 dispensatio
1179 1237 1378 1310 conceditur,
1403 1253 1468 1298 non

188 1336 333 1399 dumento
354 1356 390 1398 eu
412 1336 568 1398 distinctio
593 1354 703 1417 queen
718 1354 799 1399 nou·
852 1336 1092 1416 apparetsotida
1108 1337 1392 1417 rstio‚quareidcm
1407 1338 1467 1400 dici

188 1439 279 1501 nuliis
307 1439 484 1501 auctoribus
505 1438 571 1500 deri
594 1439 693 1517 sotct;
717 1439 801 1500 sciti·
854 1437 1467 1518 nondebeatdeiisimpedinrentissuper

186 1549 235 1603 cet
249 1541 329 1603 inter
343 1540 562 1619 impedimenta
581 1558 674 1621 super
689 1541 803 1621 quibus
853 1541 967 1621 quibus
987 1541 1104 1603 facitius
1127 1541 1256 1603 concedi
1286 1541 1386 1604 soteut
1415 1541 1467 1602 di·

185 1643 312 1705 ditticitc
333 1641 543 1721 dispensatur,
573 1649 604 1703 et
637 1660 673 1703 ea
709 1659 802 1722 super
856 1643 1008 1721 pensatio.

797 1903 943 1920 ma..—

670 2102 892 2175 Arruuutx
920 2101 962 2176 V.

593 2339 709 2389 CIRCA
738 2341 798 2386 tus
828 2340 1055 2386 PUHRANDI·

247 2562 361 2623 iurent
384 2560 509 2623 uiterius
526 2559 678 2622 iitationes
698 2575 793 2620 enuu·
848 2556 1001 2618 obtineret
1024 2555 1126 2632 reguta
1149 2556 1226 2617 iuris
1250 2557 1290 2618 ⁵2
1311 2556 1343 2618 in
1367 2557 1386 2616 o
1409 2577 1466 2614 non

181 2665 275 2725 ciatas
291 2665 321 2725 in
337 2683 425 2725 osusa
441 2667 515 2726 iuris
527 2664 685 2726 funerandi
699 2666 743 2726 sie
755 2663 794 2725 it·
845 2667 973 2736 praestat
997 2661 1227 2736 impedimentum
1243 2661 1320 2736 quod
1343 2660 1379 2718 de
1401 2665 1468 2718 iure

182 2765 324 2827 lustrare.
358 2765 566 2828 Animadverti
589 2768 669 2827 enim
695 2773 796 2844 potest
846 2781 902 2822 non
927 2767 1046 2822 sortitur
1067 2761 1210 2837 effectum.
1235 2761 1326 2837 Quod
1353 2760 1378 2820 si
1403 2759 1465 2820 hu·

181 2867 431 2946 impedimentum
451 2868 613 2948 perlegens
634 2868 794 2930 inductum
846 2862 978 2924 inernodi
1013 2863 1263 2942 impedimentum
1286 2881 1302 2924 a
1326 2863 1463 2940 legitima

181 2986 245 3049 quo
269 2969 409 3030 turnutari
432 2987 492 3030 oon
515 2976 644 3047 possunt
660 2968 794 3030 fidetium
848 2967 1028 3026 auctoritate
1044 2967 1214 3044 proveniat,
1231 2983 1299 3025 cum
1316 2966 1356 3026 sit
1373 2962 1464 3025 indu·

181 3068 329 3132 cadurera
339 3073 417 3132 intro
428 3070 623 3132 habitationis
636 3071 716 3149 loce,
732 3089 795 3132 esse
847 3074 930 3127 ctum
949 3085 1038 3128 cuuss
1056 3071 1191 3145 publicos
1210 3069 1464 3127 meledunense

181 3171 792 3249 possessitegitimumretillegitimum.
849 3175 994 3247 operatur
1026 3169 1105 3231 ultre
1135 3168 1164 3228 id
1198 3166 1284 3247 quod
1314 3167 1467 3247 impedire

182 3271 377 3350 titegitimum
389 3277 434 3332 est
448 3271 522 3332 ittud
535 3271 619 3350 quod
637 3269 796 3333 inducitur
847 3271 995 3333 intendit:
1015 3273 1102 3332 unice
1119 3277 1218 3332 autem
1240 3270 1367 3348 impedit
1391 3288 1466 3348 per·

181 3371 220 3432 ab
239 3372 369 3433 arbitrio
388 3371 483 3434 sotius
507 3372 598 3432 tairse
619 3373 793 3449 potestatis,
849 3379 1020 3434 rneuentem
1050 3371 1206 3432 cadaueris
1230 3371 1464 3432 cottocstionern

181 3473 312 3554 eoquod
322 3474 396 3534 taiea
409 3475 795 3551 potestsssineinterrentu
847 3475 877 3534 iu
895 3473 1028 3535 ccelesiis
1047 3473 1189 3534 civitatis:
1205 3479 1340 3533 remanet
1361 3475 1466 3550 itaque

181 3575 795 3656 competentisEceiesiueauetoritatisim·
848 3575 950 3653 quoad
973 3581 1089 3636 caetere
1103 3575 1149 3635 ius
1164 3574 1317 3653 sepuiotrri
1334 3577 1462 3634 omnino

183 3679 286 3758 pedire
305 3695 366 3738 non
386 3683 497 3756 potest,
516 3695 616 3758 neque
634 3676 794 3752 indirecte,
846 3676 996 3738 illaesum.

182 3781 363 3840 cadaverum
376 3779 599 3857 depositionem
613 3779 643 3838 in
658 3778 734 3840 iocis
747 3797 796 3839 su·
914 3781 949 3839 Et
962 3796 1067 3858 reapse
1082 3778 1127 3840 tex
1141 3777 1278 3838 edietatis
1293 3778 1363 3837 anni
1382 3779 1462 3838 1817

182 3882 253 3942 cris,
264 3881 330 3942 uon
342 3885 443 3960 potest
454 3879 694 3960 enimimpedire
706 3898 793 3942 excr-
846 3899 862 3941 o
895 3883 924 3941 S.
948 3881 1192 3958 congregatione
1222 3879 1461 3940 Consultatinnis

180 3981 287 4039 citium
304 3980 377 4040 iuris
392 3977 477 4057 quod
496 3979 609 4040 hebent
629 3978 734 4041 sueres
757 3997 794 4040 ex
846 3983 963 4042 Romec
982 3982 1083 4052 edite,
1111 3988 1141 4042 et
1166 3999 1220 4060 per
1242 3981 1401 4042 circulares
1426 3981 1463 4041 ti·

181 4097 333 4142 canonum
358 4079 574 4158 dispositione:
595 4098 692 4161 neque
715 4081 795 4143 indi·
846 4089 924 4144 teras
957 4082 1175 4162 promulgato,
1208 4082 1359 4159 disposuit
1389 4083 1462 4161 qui·

182 4187 264 4242 recte
282 4183 357 4244 iuris
378 4185 552 4244 exercitium
570 4182 720 4262 impedire
736 4203 795 4264 po·
847 4184 916 4245 dem
949 4191 983 4246 ut
1013 4186 1114 4246 omnia
1145 4183 1280 4246 fidetium
1314 4183 1463 4244 cadavere

182 4286 241 4341 test
258 4298 322 4361 quo
339 4281 475 4359 gaudent
502 4282 660 4356 Ecclesiae,
688 4292 795 4364 utpote
847 4285 1076 4365 deponerentur
1102 4289 1132 4347 in
1162 4285 1352 4348 coemeteriis
1377 4293 1465 4346 extro

181 4385 308 4444 omnino
324 4385 595 4462 esemptaeatuica
609 4383 794 4447 iurisdictio·
849 4387 1071 4448 habitationem
1099 4390 1218 4460 erectis,
1245 4388 1385 4469 quumvis
1406 4387 1465 4447 de·

181 4501 231 4545 uc.
260 4483 451 4566 proindeque
474 4483 533 4546 hoe
550 4485 581 4546 in
597 4503 668 4546 cusu
693 4486 793 4549 iocum
847 4489 989 4551 cedentes
1008 4489 1112 4552 fideles
1131 4491 1280 4570 gentilitia
1301 4488 1465 4570 sepulchre
