3248 5004
506 443 669 494 oscnarur
688 444 784 494 sareu
803 444 895 492 mssa
912 443 949 494 oe
967 439 1093 498 nancta.
1388 415 1434 478 lb

163 545 263 643 plicis
276 546 358 640 otc.)
370 571 413 621 ex
427 549 638 642 praescripto
647 547 821 622 {lubricae
833 546 997 620 celebrari
1010 543 1147 621 debeat.
1159 553 1198 613 ut
1210 538 1288 634 quis
1301 534 1430 606 iuuatur

164 650 342 744 privilegio
367 650 513 738 Altaria,
532 653 751 748 expendebat
766 652 951 725 Consultor
967 648 1110 722 dubium
1131 675 1146 713 a
1160 645 1284 718 Utrum
1302 641 1436 715 scilicet

161 756 331 833 Sacerdos
354 757 532 831 celebrans
557 759 592 830 in
618 759 729 833 Alteri
757 757 971 854 privilegiato
996 753 1139 847 legendo
1165 751 1301 826 Missam
1318 746 1361 818 de
1377 744 1424 816 Fa

160 874 219 934 sto
242 862 480 958 semiduplici,
498 863 669 958 simplici,
689 866 854 946 votivam,
873 861 926 936 vel
945 861 988 932 dc
1004 859 1102 930 Feria
1118 877 1187 926 non
1203 850 1434 954 privilegiata,

161 967 237 1042 sire
252 969 385 1040 ratione
410 969 635 1062 expositionis
658 969 755 1043 SSriii
781 967 1015 1048 Soet-amenti,
1033 965 1106 1036 sivo
1126 959 1292 1034 Stationis
1317 953 1436 1028 Eccle-

162 1071 255 1154 siae,
274 1071 329 1145 vel
346 1071 489 1144 alterius
504 1073 757 1156 solemnitatis,
775 1086 835 1145 aut
850 1095 894 1144 ex
911 1067 1105 1142 rationabili
1131 1065 1274 1143 motivo,
1300 1061 1436 1134 iuuatur

163 1174 343 1270 privilegio
367 1199 407 1247 ac
431 1178 459 1248 si
484 1175 615 1270 legeret
646 1178 783 1258 Missum
808 1177 851 1249 de
875 1174 1008 1270 Requie
1032 1189 1095 1266 per
1120 1169 1290 1242 Rubricas
1314 1189 1355 1240 eo
1379 1165 1435 1237 dio

165 1283 410 1373 permissam.»

233 1385 334 1458 luitio
358 1387 663 1468 animadvertebat,
678 1387 805 1462 Altaria
828 1385 1048 1479 privilegium
1097 1384 1204 1454 situm
1229 1401 1305 1453 esse
1322 1376 1357 1446 in
1374 1398 1436 1468 ap·

160 1489 349 1582 plicatione
372 1493 503 1564 fructus
531 1494 637 1565 medii
658 1517 723 1588 pro
748 1492 928 1565 animabus
944 1493 979 1563 in
997 1488 1195 1583 purgatorio
1219 1483 1433 1564 extantibus,

158 1596 217 1664 cui
236 1598 457 1690 applicationi
470 1620 533 1693 per
548 1598 686 1672 modam
709 1598 864 1694 suffr-opii
887 1596 1041 1690 plenaria
1065 1593 1279 1686 indulgentia
1301 1591 1434 1662 adnexa

167 1702 206 1772 ab
223 1700 378 1774 Ecclesia
395 1713 459 1772 cst.
477 1701 590 1790 Quare
615 1705 665 1776 rei
690 1715 813 1776 natura
838 1713 988 1782 attenta,
1015 1699 1146 1791 optime
1170 1697 1354 1768 cohaerere
1375 1717 1436 1786 po·

161 1820 233 1878 test
256 1806 474 1899 privilegium
506 1807 626 1879 altaris
649 1831 728 1880 cum
757 1806 989 1879 celebratione
1019 1806 1267 1894 cuiuscumque
1296 1800 1432 1875 Missae.

233 1912 331 1983 [lodo
357 1912 421 1983 boc
445 1913 681 2006 privilegium,
707 1914 798 2006 quod
821 1914 918 2006 prius
942 1909 1195 1984 concedebatur
1219 1905 1435 1980 solummodo

162 2018 198 2086 in
225 2015 457 2089 celebratione
481 2017 604 2091 Missae
628 2018 845 2112 deiloquio,
872 2019 975 2090 modo
1003 2030 1119 2089 autem
1152 2025 1254 2085 aucto
1289 2034 1435 2086 numero

162 2123 347 2192 Missurum
380 2123 481 2193 Ritus
511 2117 660 2216 duplicis
684 2125 726 2195 ad
755 2124 818 2196 bas
849 2145 987 2219 quoque
1018 2134 1201 2197 extensum
1229 2131 1295 2189 est.
1320 2117 1435 2204 Quare

161 2235 303 2297 nonest
327 2229 392 2297 boc
417 2227 544 2297 Altaria
568 2228 785 2322 privilegium
811 2228 860 2299 ita
885 2227 1116 2300 essentialiter
1138 2244 1334 2295 connexum
1353 2243 1433 2294 cum

162 2332 266 2403 Missa
290 2333 332 2404 de
358 2331 509 2424 Requie,
535 2344 576 2402 ut
601 2355 681 2404 cum
706 2334 781 2405 aliis
804 2333 917 2405 Missis
942 2334 1078 2424 coniugi
1104 2353 1171 2402 uon
1196 2329 1317 2421 possit.

233 2436 279 2507 Et
297 2461 380 2508 sane
392 2437 583 2509 Alexander
599 2439 672 2510 Vll.
688 2442 722 2511 in
735 2439 885 2511 Constit.
902 2467 917 2507 a
932 2438 1086 2511 Creditae
1103 2435 1223 2505 nobisr
1243 2433 1312 2504 diei
1322 2437 1365 2504 22
1379 2433 1432 2504 la·

161 2543 280 2613 aaarii
312 2548 398 2616 1667
428 2545 599 2616 concessit
624 2546 658 2616 in
684 2544 851 2618 altaribus
885 2543 1110 2638 privilegiatis
1135 2542 1168 2610 in
1202 2552 1409 2634 perpetuum

159 2647 324 2721 satisfieri
344 2673 442 2743 posse
459 2649 727 2742 obligationibus
747 2651 890 2745 legendo
906 2652 1028 2725 diebus
1044 2650 1133 2720 ritus
1150 2646 1298 2740 duplicis
1314 2644 1434 2716 Missas

159 2752 311 2846 desasto
334 2755 505 2833 armenti,
537 2769 569 2825 et
599 2757 783 2850 strffrapari
806 2780 882 2827 cam
911 2758 1029 2828 iisdem
1055 2752 1271 2847 iadnlpentiis
1291 2751 1434 2847 perinde

160 2881 203 2927 ac
228 2858 259 2926 si
285 2873 392 2930 essent
414 2857 598 2930 celebratae
624 2859 745 2932 Missae
775 2861 816 2932 de
849 2861 976 2956 Reperio
1003 2859 1047 2930 ad
1073 2861 1219 2954 sormam
1241 2853 1434 2952 priuilepio·

163 2976 320 3032 rumetc.

232 3063 346 3152 Quam
369 3067 633 3141 declarationem
659 3069 820 3144 Clemens
841 3069 897 3140 tx.
925 3069 960 3139 in
987 3068 1098 3141 Coast.
1118 3067 1187 3138 diei
1212 3069 1256 3138 23
1282 3064 1433 3162 Septem·

162 3168 234 3240 bris
261 3175 349 3242 1669
375 3173 531 3244 extendit
563 3173 667 3246 etiam
692 3175 735 3246 ad
759 3174 880 3246 altaria
909 3173 1123 3268 privilegiata
1148 3170 1190 3241 ad
1216 3185 1353 3263 tempus
1377 3171 1431 3242 vol

162 3275 207 3344 ad
240 3277 423 3348 nonnullos
454 3279 587 3353 diesin
612 3279 836 3352 hebdomada.
867 3307 883 3346 u
901 3279 1051 3373 Cumque
1077 3277 1150 3369 (ita
1179 3275 1221 3346 lt.
1248 3273 1431 3368 Pontifex)

160 3381 266 3450 etiam
283 3381 451 3452 dubitetur
466 3399 582 3457 atram
598 3385 764 3459 dictarum
790 3385 983 3457 Literaram
1007 3382 1176 3478 dispositio
1195 3380 1339 3474 (nempe
1357 3380 1433 3452 Ale·

163 3487 287 3556 xandri
304 3487 375 3559 vlt.
393 3487 617 3582 modocitata)
639 3489 749 3586 quood
764 3489 897 3560 Altaria
909 3491 1041 3584 pariter
1055 3487 1190 3582 quidem
1204 3484 1432 3581 priuilepiato,

161 3590 222 3660 sed
237 3614 303 3662 noa
319 3595 355 3663 in
371 3607 592 3688 perpetuam,
611 3618 671 3666 nec
692 3617 754 3689 pro
778 3593 930 3665 omnibus
954 3591 1179 3664 hebdomadae
1195 3588 1323 3669 diebus,
1340 3604 1371 3660 et
1388 3591 1434 3660 ad

161 3717 249 3786 qaae
265 3695 384 3768 Missae
407 3719 474 3767 noa
499 3721 541 3770 ea
564 3697 762 3792 oblipntioae
785 3697 843 3768 sed
865 3721 908 3768 aa
931 3697 1001 3770 sola
1023 3695 1174 3791 fideliam
1194 3695 1364 3766 devotione
1380 3719 1433 3765 ce·

162 3796 335 3870 lebruatar
357 3800 466 3874 locam
487 3803 634 3875 lrabeat»
653 3807 823 3878 concessit
840 3816 875 3876 et
892 3802 1034 3874 indulsit
1054 3831 1069 3869 u
1081 3816 1116 3870 at
1135 3800 1254 3871 Missae
1268 3823 1354 3894 perae
1369 3799 1433 3870 ibi·

160 3903 237 3973 dem
262 3904 304 3976 de
325 3907 410 4000 sesto
440 3909 591 3978 currenti
614 3911 651 3978 in
674 3931 739 4003 prro
763 3908 882 3979 Missae
914 3908 1150 4003 defunctorem
1179 3907 1342 3979 celebrari
1365 3929 1432 3975 raon

158 4009 311 4102 possint,
334 4010 402 4078 sive
425 4034 469 4080 ea
493 4010 709 4106 obiipatione,
733 4013 802 4082 siva
826 4033 868 4082 ea
890 4010 960 4082 sola
983 4010 1134 4106 [idolium
1158 4012 1327 4082 devotione
1351 4009 1432 4080 cele·

160 4109 368 4192 brabantia,
392 4116 441 4184 ita
467 4130 506 4185 at
537 4117 671 4188 animae
703 4115 979 4210 Gbristifidelinm
1007 4140 1071 4211 pro
1098 4115 1217 4211 quibas
1248 4113 1433 4186 celebratae

158 4217 317 4310 sanant,
336 4216 562 4312 ladalpentias
575 4244 639 4317 per
651 4219 830 4317 privilepic
846 4221 1036 4290 lartiusmodi
1051 4242 1219 4292 correessas
1234 4240 1434 4312 corasepuou·

160 4335 220 4390 tar
243 4323 279 4391 ia
303 4323 455 4394 amnibus
477 4339 509 4395 et
529 4349 592 4419 per
615 4326 748 4406 omnio,
770 4324 912 4420 perinde
936 4325 1028 4395 acsi
1057 4323 1175 4396 Missae
1199 4324 1432 4417 defunctorum

161 4426 211 4497 ad
230 4429 376 4520 immam
400 4431 591 4502 earumdem
612 4431 865 4526 priuilepiornm
888 4430 1073 4502 calciantur
1095 4432 1274 4520 ficissent.»
