3282 5008
206 391 275 458 t0⁰
538 411 747 464 rrrnrreusrs
770 415 810 463 rr
835 415 1141 468 rsurarrnntrronrs.

205 521 241 589 in
265 517 439 591 llioecesis
472 519 639 592 finitimae
661 521 701 592 B.
728 521 855 616 oppido
885 523 1057 617 positum,
1084 522 1144 594 ubi
1168 521 1361 615 antiquitus
1384 521 1480 593 triti·

200 647 304 697 ceum
322 625 556 698 Molendinum
575 629 761 710 extiterat,
779 628 935 700 dirutum
956 653 997 702 eo
1018 641 1175 723 tempore
1189 653 1230 700 ac
1245 628 1320 701 solo
1336 629 1476 725 penitus

204 744 399 825 aequatum.
422 731 608 804 Damianus
624 757 668 806 cx
685 734 760 826 lege
776 745 976 806 contractus
999 733 1234 806 Molendinum
1252 734 1325 804 suis
1348 755 1476 826 expen-

203 840 250 908 sis
262 836 550 909 reaedificandum
560 861 695 911 sumere
710 838 904 922 tenebatur,
911 851 948 912 et
959 861 1127 913 canonem
1137 839 1285 910 duorum
1298 836 1474 909 rublorum

203 944 309 1015 tritici
335 943 369 1012 in
395 943 555 1015 borreum
580 966 718 1015 mensae
743 943 958 1038 Episcopalis
981 943 1308 1037 comportandorum
1331 955 1476 1035 quotan-

203 1052 360 1123 nistcum
385 1049 475 1142 ipse,
502 1061 577 1121 tum
602 1051 676 1122 eius
700 1049 967 1132 descendentes,
993 1051 1187 1142 persolvere
1210 1048 1395 1122 debebant.

271 1154 460 1226 Damianos
484 1156 596 1248 reipsa
621 1154 853 1227 Molendinum
882 1154 1094 1238 aedificavit,
1121 1154 1325 1227 necessariis
1349 1154 1476 1224 instru-

199 1263 328 1334 mentis
353 1261 536 1344 instruxit,
555 1275 591 1333 et
608 1262 724 1334 tritico
748 1261 909 1333 molendo
933 1261 1081 1353 aperuit.
1106 1259 1258 1332 Canonis
1281 1282 1365 1331 vero
1384 1263 1478 1330 solu-

200 1368 286 1438 tioni
304 1378 340 1438 et
356 1368 430 1460 ipsc
446 1381 482 1439 et
499 1369 573 1438 eius
597 1367 845 1441 descendentes
869 1367 1019 1439 fideliter
1041 1366 1296 1441 satisfecerunt.
1316 1364 1370 1436 Ob
1388 1366 1476 1435 situs

200 1473 424 1564 exiguitatem
449 1473 627 1564 praedium
653 1473 737 1544 illud
762 1476 853 1546 inter
878 1474 1007 1546 urbana
1040 1474 1250 1546 recensitum
1275 1482 1328 1544 est
1337 1493 1350 1554 3
1375 1471 1477 1543 adeo·

197 1599 265 1667 que
284 1589 358 1646 tum
376 1599 455 1648 curn
474 1577 640 1670 vectigal,
658 1579 750 1669 quod
774 1579 877 1672 vulgo
901 1578 1024 1650 Dotion
1048 1576 1139 1648 recle
1161 1576 1277 1658 audit,
1296 1576 1474 1647 invectum

197 1700 272 1765 est,
299 1681 535 1754 molendinum
560 1706 636 1755 eam
661 1685 953 1757 contributionem
978 1684 1110 1778 elingit.
1135 1683 1224 1755 Cum
1257 1695 1374 1756 tamen
1400 1683 1476 1753 Mu-

199 1787 365 1878 nicipium
391 1789 528 1881 oppidi,
554 1790 653 1860 cuius
678 1790 712 1859 in
738 1791 912 1861 territorio
936 1790 1042 1860 situm
1067 1803 1162 1872 erat,
1188 1812 1280 1864 anno
1308 1791 1396 1859 1852
1415 1810 1476 1857 no-

199 1915 280 1962 vum
305 1894 477 1984 quoddam
511 1895 657 1986 vectigal
690 1895 932 1988 imposuisset,
962 1895 1261 1988 emphyteuticum
1293 1893 1378 1964 illud
1404 1892 1476 1962 Mo-

196 1995 374 2068 lendinnm
399 2022 467 2070 una
492 2022 570 2069 cum
596 2000 673 2070 aliis
696 2001 945 2072 contributioni
970 1999 1164 2071 subiectum
1189 2001 1268 2070 luit.
1295 1998 1474 2069 Directum

196 2104 271 2174 cius
284 2105 473 2176 dominium
489 2105 522 2174 in
538 2106 665 2176 tabulis
680 2107 900 2178 censualibus
916 2106 1053 2180 Mensae
1070 2106 1270 2200 episcopali,
1285 2105 1371 2177 utile
1392 2127 1475 2174 vero

198 2209 355 2280 Damiani
380 2208 669 2281 descendentibus
693 2211 804 2282 iuerat
830 2212 1049 2305 inscriptum.
1067 2210 1133 2283 Sed
1158 2211 1384 2303 Municipium
1410 2233 1475 2302 pro

198 2314 422 2386 intributione
448 2315 614 2406 exigenda
635 2316 787 2386 Mensam
808 2315 1038 2411 episcopalem
1060 2316 1160 2387 unice
1178 2313 1393 2408 pulsaverat;
1419 2337 1475 2384 ea-

196 2443 277 2512 que,
296 2420 489 2514 perplures
506 2443 613 2492 annos
630 2423 704 2493 sine
721 2423 790 2494 ulla
806 2422 1090 2505 contradictione,
1101 2419 1242 2518 vectigal
1255 2420 1472 2514 rependerat.

195 2525 351 2596 Tandem
368 2548 458 2595 anno
479 2527 561 2594 1861
602 2525 793 2621 Episcopus
818 2551 881 2620 pro
908 2540 1081 2618 tempore,
1099 2547 1166 2596 non
1189 2526 1368 2597 dominum
1385 2525 1476 2594 dirc-

192 2643 313 2713 ctum,
340 2631 400 2703 sed
426 2631 546 2702 utilem
573 2631 603 2702 ei
629 2634 724 2705 oneri
752 2633 956 2726 perferendo
988 2631 1178 2724 obligatum
1207 2654 1284 2703 esse
1308 2629 1373 2700 sibi
1398 2654 1476 2723 pcr-

196 2738 367 2816 suadens,
403 2737 557 2807 Damiani
595 2738 844 2812 descendentes
877 2761 983 2832 penes
1018 2738 1168 2810 ludicem
1200 2736 1475 2808 ecclesiasticum

196 2843 363 2914 linitimae
387 2841 562 2914 Dioeeesis
579 2842 617 2912 Β.
639 2841 787 2935 (quippe
809 2867 852 2914 ex
875 2843 917 2913 iis
942 2865 1030 2913 unus
1055 2843 1146 2914 inter
1169 2841 1322 2913 Clericus
1344 2864 1476 2912 connu-

197 2946 415 3042 merabatur)
442 2947 477 3018 in
512 2949 564 3018 ius
597 2949 732 3020 vocavit
757 2972 796 3020 ea
821 2950 863 3020 de
888 2971 1013 3029 causa,
1038 2960 1078 3019 ut
1106 2948 1149 3021 de
1182 2947 1341 3041 vectigali
1374 2949 1475 3017 annis

191 3077 306 3147 usque
330 3077 371 3127 eo
409 3053 537 3145 elapsis
561 3053 713 3125 indebite
738 3053 931 3144 persoluto,
958 3055 1262 3146 redintegraretur.

266 3160 305 3230 ln
330 3158 481 3230 iudiciali
505 3158 644 3241 libello,
670 3159 730 3252 qui
753 3159 856 3253 vulgo
888 3160 1004 3230 citatio
1034 3161 1229 3243 vocitatur,
1256 3159 1361 3231 Actor
1391 3158 1474 3249 Epi-

192 3288 320 3358 scopus
336 3265 440 3337 etiam
460 3265 514 3334 ius
530 3263 595 3334 sibi
613 3276 849 3336 reservaverat
863 3263 1017 3356 -eqeadi
1040 3265 1076 3334 in
1100 3284 1245 3355 conano
1264 3263 1390 3333 iudicio
1409 3285 1474 3357 pre

197 3374 353 3446 arellitete
370 3387 557 3446 contractus
573 3371 810 3467 emphyteutici
825 3371 865 3443 ob
881 3371 1047 3467 defectam
1062 3369 1310 3442 solemnitatum
1325 3367 1474 3460 aliosque

197 3478 358 3551 titulos·
374 3476 446 3549 Sub
461 3477 555 3546 bisce
572 3475 850 3547 solemnitatibus
874 3476 1130 3571 beneplacitum
1156 3475 1409 3570 apostolicum,
1436 3486 1473 3542 et

192 3585 405 3677 scripturam
437 3579 675 3672 significabat3
708 3593 871 3652 neutrum
904 3581 994 3652 enim
1028 3579 1280 3675 proferebatur.
1314 3577 1471 3648 Damiani

192 3688 445 3764 descendentes
469 3682 666 3756 huiusmodi
690 3683 864 3757 clausulae
888 3685 1080 3760 adiectione
1099 3699 1258 3778 paratos
1273 3705 1350 3755 sese
1367 3681 1474 3752 luisse

195 3797 285 3880 rati,
312 3793 354 3865 ad
379 3812 547 3885 expensas
571 3789 811 3874 declinandas,
829 3801 865 3864 et
885 3791 1086 3886 obsequium
1112 3812 1287 3864 sacrorum
1314 3789 1471 3859 Antistitr

192 3899 443 3981 deserendum,
469 3897 621 3992 seposito
649 3897 712 3969 lori
747 3898 914 3991 strepitu,
940 3900 982 3970 ad
1006 3899 1042 3969 S.
1069 3897 1109 3970 C.
1137 3900 1203 3994 Ep.
1230 3911 1266 3972 et
1290 3895 1365 3967 RR.
1392 3919 1471 3967 suas

196 4027 320 4099 preces
342 4001 543 4074 obtulerunt
567 4000 609 4072 ad
634 4002 718 4085 boc,
745 4015 785 4072 ut
810 4004 1029 4076 oeconomice
1053 4002 1156 4078 Sacer
1177 4002 1270 4075 Ordo
1287 4001 1329 4074 de
1353 4001 1473 4073 validi-

199 4122 273 4184 tate
302 4109 538 4203 emphyteusis
555 4123 714 4182 constare
730 4109 933 4182 declararet.
951 4108 987 4180 S.
1007 4107 1047 4178 C.
1065 4131 1127 4203 pro
1148 4132 1245 4182 more
1262 4107 1473 4202 Episcopum

196 4213 367 4286 finitimae
391 4212 565 4284 Dioecesis
591 4211 629 4281 B.
648 4213 691 4284 de
715 4235 776 4284 sua
801 4219 971 4288 sententia
996 4219 1146 4310 rogavit,
1173 4219 1274 4310 eique
1298 4218 1470 4298 iniunxit,

197 4334 241 4393 ut
261 4332 395 4414 partem
422 4330 605 4412 utramque
632 4323 774 4414 (nempe
791 4321 1000 4418 Episcopum
1025 4324 1193 4408 civitatis,
1213 4345 1276 4396 ceu
1292 4325 1471 4395 dominum
