3282 5008
190 379 260 449 tto
478 408 574 456 surra
592 411 777 458 aaarasarr.
795 411 898 458 ciera.
918 411 953 458 ac
977 409 1155 458 aourarrru.

190 503 309 576 itidem
335 506 471 580 valebat
495 509 542 592 id,
569 513 660 605 quod
680 511 845 584 Canonici
869 510 1159 605 obloquebantur,
1186 529 1261 580 sese
1285 506 1328 577 ad
1353 505 1466 578 nomi·

189 611 366 684 nationem
394 614 573 690 devenisse
598 641 666 690 non
691 643 735 692 ex
760 622 835 691 iure
858 643 879 690 a
905 618 1085 689 Testatore
1113 615 1179 686 sibi
1202 612 1308 694 tacto,
1335 611 1395 684 sed
1420 634 1465 682 ex

190 716 264 788 iure
288 722 558 794 renunciationis
605 725 649 795 ab
676 726 872 797 Executore
894 725 1156 796 testamentario
1180 722 1216 790 in
1240 739 1341 788 orum
1371 719 1466 790 lirro-

192 846 264 892 rem
290 825 421 900 editae:
449 828 625 900 Executor
649 832 742 902 enim
769 832 833 904 iste
858 833 943 902 satis
967 851 1139 922 superque
1156 825 1370 907 ostenderat,
1388 847 1465 896 ⁸⁹⁵0

189 928 351 1021 Capitulo
375 933 564 1006 extinctire
589 936 643 1007 ius
667 937 914 1008 nominationis
937 937 973 1005 in
998 947 1203 1028 perpetuum
1228 930 1463 1011 renunciasse,

189 1036 287 1124 quasi
312 1037 385 1129 ipse
410 1040 611 1112 demortuus
635 1041 750 1126 toret,
777 1056 812 1115 et
837 1041 1001 1114 Canonici
1026 1065 1069 1114 ex
1094 1051 1303 1112 testamento
1328 1050 1369 1108 ao
1395 1059 1465 1106 no-

191 1141 416 1214 minationem
442 1146 679 1238 procederent.

260 1245 475 1321 Dacicanraro
500 1276 699 1324 crrrruarars
728 1277 768 1323 ar
797 1277 945 1324 rasacuar
974 1276 1141 1324 roaruaaro
1167 1252 1325 1323 Faroaarcr
1350 1272 1463 1319 aaran·

191 1374 299 1422 araon.
319 1393 360 1408 -
388 1355 577 1430 Praemisso
613 1361 697 1430 iuris
729 1360 861 1432 theoria
892 1381 981 1452 quae
1014 1358 1108 1450 viget
1141 1359 1232 1429 circa
1266 1355 1464 1426 huiusmodi

190 1456 377 1530 electiones
403 1463 477 1554 (l),
511 1464 665 1536 disiectis
700 1466 844 1536 minoris
877 1467 1042 1536 momenti
1068 1463 1350 1542 difficultatibus,
1376 1482 1465 1551 quae

189 1563 449 1652 obiicebaatur,
470 1570 613 1642 validior
637 1595 676 1643 ac
701 1572 877 1644 nervosior
900 1570 1109 1644 delensionis
1138 1571 1226 1641 ratio
1250 1592 1312 1662 pro
1335 1565 1466 1636 delibe-

191 1672 325 1744 ratione
362 1674 543 1766 capitulari
579 1689 615 1748 et
646 1675 809 1752 Friderici
846 1680 1083 1751 nominatione
1118 1677 1185 1748 hoc
1221 1676 1323 1746 modo
1357 1672 1465 1742 susci-

190 1776 362 1870 piabatur.

261 1881 429 1968 Quamvis
452 1887 699 1958 concederetur
719 1887 931 1959 Canonicum
957 1887 996 1957 Β.
1023 1911 1042 1958 a
1067 1886 1229 1976 suffragio
1250 1885 1382 1956 edendo
1402 1883 1465 1952 im·

189 1987 317 2059 merito
342 1988 447 2060 luisse
471 1990 695 2081 prohibitum,
715 2015 782 2063 noa
801 1992 928 2062 idcirco
946 2005 1061 2070 tamea
1079 1989 1175 2082 sequi
1192 1989 1466 2060 contendebatur

192 2103 231 2161 ut
256 2092 500 2164 nominationis
536 2107 634 2164 actas
660 2095 743 2167 vitio
776 2097 946 2166 nullitatis
971 2119 1132 2168 corruere
1164 2094 1329 2164 dicendus
1362 2094 1463 2165 lorct.

194 2196 441 2268 locontroversi
467 2200 558 2268 enim
584 2214 619 2270 et
643 2200 828 2272 indubitati
854 2203 939 2273 iuris
963 2214 1029 2285 est,
1055 2215 1130 2272 tum
1155 2223 1232 2271 cum
1258 2197 1383 2290 aliquis
1408 2223 1466 2270 vo·

191 2301 275 2371 calis
298 2302 533 2374 exclusionem
558 2328 679 2397 passus
704 2319 770 2389 est,
798 2329 873 2392 seu,
900 2307 1008 2377 veluti
1034 2307 1136 2400 vulgo
1161 2305 1227 2376 dici
1252 2304 1357 2386 solet,
1384 2327 1467 2375 con-

191 2419 346 2499 temptus
370 2407 450 2488 luit,
479 2422 516 2479 ut
539 2423 638 2481 actus
663 2410 863 2504 capitularis
883 2433 947 2506 per
968 2434 1004 2480 se
1028 2411 1143 2482 nullus
1168 2409 1258 2480 haud
1283 2409 1353 2490 sit,
1380 2410 1463 2500 quin

189 2537 210 2584 e
235 2526 355 2583 contra
381 2537 481 2584 suum
507 2517 654 2587 retineat
679 2517 853 2588 firmitatis
878 2517 1001 2600 robur;
1027 2516 1093 2585 nisi
1117 2518 1208 2608 quod
1235 2515 1291 2586 ille
1307 2514 1366 2606 qui
1384 2537 1465 2584 con-

192 2629 347 2710 temptus
370 2620 437 2690 luit
452 2622 495 2691 de
513 2621 671 2694 nullitate
688 2646 788 2714 agere
807 2625 950 2694 minime
972 2622 1207 2715 prohibeatur,
1227 2643 1361 2713 unaque
1378 2621 1465 2691 eius·

191 2723 269 2793 dem
296 2724 534 2796 rescissionem
559 2727 769 2819 adsequendi
794 2727 848 2797 ius
873 2729 1010 2808 lrabeat,
1042 2727 1069 2795 si
1098 2739 1338 2819 contemptum
1363 2725 1464 2818 plene

243 2911 280 2972 (t)
297 2907 390 2962 Plures
416 2907 598 2965 solemnitates
622 2909 803 2966 observandae
852 2911 978 2976 vindicat,
994 2919 1024 2965 ut
1037 2925 1069 2966 nt
1085 2910 1274 2979 capitularium
1291 2909 1462 2964 vicariorum

189 2999 258 3045 ruat
277 3007 309 3045 ex
329 2991 396 3046 iuris
420 2993 581 3061 praescripto
603 2994 631 3048 in
654 2996 801 3064 peragenda
853 2995 979 3050 creationi
1001 2993 1108 3063 quidem
1128 2993 1297 3049 accomodari
1308 2993 1400 3048 soleat:
1413 2991 1464 3046 lroc

191 3077 320 3131 canonica
341 3077 470 3131 electione
489 3081 593 3146 proprie
611 3077 681 3134 dicta
699 3088 730 3133 ut
747 3095 801 3134 cer·
853 3081 925 3132 enim
944 3079 1063 3133 cilicium
1083 3079 1231 3148 precarium
1245 3087 1284 3133 est
1298 3093 1346 3132 aee
1364 3077 1464 3147 praela·

193 3177 257 3214 aere
266 3169 306 3215 est
317 3159 344 3215 ia
355 3161 397 3216 tit.
407 3161 440 3215 de
452 3161 534 3216 Elect.
547 3161 566 3216 l.
578 3169 588 3215 l
599 3166 702 3219 Decret.
713 3180 744 3220 ac
759 3181 803 3219 no·
854 3172 940 3217 turam
959 3162 1111 3232 praesefert.
1130 3161 1190 3217 Vid.
1210 3165 1324 3216 Leuren.
1345 3167 1388 3217 De
1401 3160 1461 3228 sor.

191 3245 316 3300 minutim
328 3247 354 3298 in
365 3263 428 3315 cop.
438 3253 471 3300 tt
485 3247 550 3315 quio
562 3253 692 3318 propter,
705 3265 745 3304 ex.
761 3265 801 3318 gr.
853 3245 1129 3312 Benrfiveconrtaet
1139 3247 1278 3315 quallis.
1288 3251 1360 3316 Cup.
1370 3251 1462 3300 torro.

193 3338 224 3383 ut
237 3339 289 3384 tres
300 3339 461 3386 scrutatores
479 3331 623 3398 eliquatur,
635 3341 666 3387 ut
676 3333 803 3402 suffragia
854 3337 960 3401 quaest.
986 3335 1046 3385 550.
1068 3346 1129 3385 cum
1152 3331 1288 3384 communi
1307 3333 1463 3385 Doctorum.

193 3417 293 3482 scripto
309 3413 520 3483 consignentur,
543 3416 647 3485 aliaque
668 3417 695 3471 id
720 3435 805 3484 genus
854 3419 942 3484 Quare
954 3416 1038 3470 multo
1050 3417 1140 3469 minus
1152 3422 1307 3469 accesserat
1317 3414 1401 3468 eidem
1414 3413 1465 3468 ior·

193 3498 370 3567 impleantur,
389 3515 504 3567 quorum
523 3501 632 3555 omissio
652 3503 803 3558 nullitatcm
856 3518 914 3557 mae
929 3503 1066 3556 inhaerere.
1079 3501 1104 3554 in
1119 3498 1348 3554 nominationibus
1358 3501 1464 3552 Beneti·

195 3601 302 3654 prorsus
327 3585 462 3654 importat.
482 3586 532 3639 Sed
553 3585 617 3640 baec
636 3586 805 3643 locumobti·
855 3586 957 3640 ciorum
974 3585 1139 3653 simpliciam
1157 3592 1184 3638 ct
1195 3583 1408 3653 capellaniarum
1421 3585 1464 3636 Pi·

194 3673 294 3726 nentia
305 3671 484 3726 electionibus
496 3671 675 3728 Praelatorum
686 3677 740 3728 sire
750 3689 805 3728 sae·
857 3681 911 3726 ton.
925 3675 1043 3740 Discept.
1055 3670 1131 3724 Ercl.
1143 3676 1172 3722 21
1188 3687 1216 3724 a.
1229 3674 1244 3722 t
1258 3668 1303 3723 ubi
1318 3670 1354 3724 ita
1372 3667 1466 3724 scribit

192 3753 346 3816 cularium,
368 3753 421 3806 sire
452 3755 613 3819 regularium
642 3754 804 3824 dumtaxat,
857 3753 1463 3826 «Capitulumpotestiaeligendoprocedere,

192 3837 422 3906 quemadmodum
442 3838 522 3906 vulgo
539 3840 649 3894 tradunt
668 3843 804 3910 Doctores,
857 3849 907 3894 net
926 3841 1076 3895 consentire
1098 3838 1176 3894 modo
1193 3841 1243 3894 sibi
1267 3837 1390 3893 beneriso
1411 3840 1465 3892 sire

193 3938 261 3992 quos
283 3923 353 3977 inter
372 3926 438 3977 satis
457 3933 496 3977 est
513 3926 630 3991 allegare
648 3927 804 3996 Fagnannm
858 3925 963 3979 rrerbo
981 3926 1034 3979 sire
1052 3922 1122 3978 lacto
1133 3926 1186 3978 sira
1200 3933 1261 3979 ante
1271 3923 1326 3977 sire
1341 3931 1399 3991 post
1410 3925 1464 3976 ele·

195 4009 222 4061 in
241 4011 474 4064 commentatione
495 4015 634 4066 memorati
655 4013 757 4081 Capitis
775 4031 806 4069 ac
858 4011 997 4065 notionem
1012 4019 1038 4064 et
1052 4008 1275 4078 quandocumque
1292 4023 1322 4060 cx
1341 4007 1464 4062 interrot-

194 4095 652 4166 punctiman.o,a,10acaeqq.qot
664 4102 803 4167 porroao-
858 4096 908 4149 nlo
937 4094 1084 4148 dommodo
1115 4108 1261 4148 consensus
1289 4091 1398 4144 accedat
1426 4091 1464 4144 rel

194 4189 252 4235 ctor
262 4198 290 4236 n.
302 4187 334 4235 36
344 4187 371 4236 et
381 4198 455 4252 seqq.
468 4181 629 4249 singularem
649 4183 802 4238 earumdem
856 4181 1002 4235 »omnium
1019 4180 1057 4235 rel
1077 4178 1184 4233 maioris
1203 4179 1285 4248 partis
1303 4177 1463 4232 vocalium.»

193 4265 395 4321 solemnitatum
414 4268 509 4322 seriem
529 4268 692 4322 articulatim
713 4283 803 4322 recen·
854 4267 985 4336 Congruit
1001 4268 1029 4319 S.
1044 4267 1238 4332 Congrconc.
1259 4268 1291 4316 Ia
1314 4265 1465 4331 Euprrbtno

194 4357 243 4404 set.
258 4351 329 4418 Quin
348 4354 402 4407 imo
417 4353 569 4407 huiusmodi
582 4351 665 4407 sonna
677 4353 712 4408 ita
725 4355 803 4408 unice
856 4355 1066 4406 ttcrrsionariae
1083 4357 1098 4404 5
1113 4349 1221 4420 Aprilis
1236 4352 1312 4414 arat,
1323 4354 1349 4401 et
1366 4349 1465 4416 passim

196 4433 284 4489 locum
296 4435 323 4487 ia
337 4437 512 4493 electionibus
532 4439 636 4509 proprie
655 4438 735 4493 dictis
751 4437 802 4493 sibi
856 4437 932 4492 alibi.
