3282 5008
203 398 214 461 Ι
227 401 267 464 id

348 525 559 602 FORMULA
587 533 930 614 BENEDICTIONIS
954 540 1060 614 uno
1087 539 1313 614 nonnum.

266 843 408 928 Cieros,
433 849 485 921 ool
508 877 529 923 o
549 856 752 948 proximiori
775 859 938 940 ecclesio,
963 861 1014 932 ool
1037 861 1079 932 od
1103 861 1214 956 oiiqoo
1238 860 1305 931 atto
1326 859 1395 932 loco
1422 860 1469 932 od

193 946 254 1018 hoc
273 969 395 1044 parato
415 958 575 1050 procedat
598 982 701 1056 usque
725 965 770 1035 od
792 968 970 1040 stationem
994 968 1069 1040 vioe
1091 970 1222 1062 ferreae
1245 967 1393 1038 canendo
1415 966 1469 1038 oei

192 1054 376 1128 recitando.

262 1161 401 1259 Antipit.
422 1168 460 1237 in
478 1170 569 1240 vium
587 1175 682 1265 pacis
699 1188 735 1247 et
752 1179 993 1270 prosperitatis
1014 1180 1140 1271 dirigat
1165 1203 1227 1250 nos
1246 1178 1468 1270 omnipotens

191 1276 227 1334 et
252 1269 448 1343 misericors
472 1274 655 1348 Dominus:
675 1292 711 1352 et
727 1282 879 1374 Angelus
902 1284 1055 1376 Daphne}
1080 1285 1266 1355 comitetur
1284 1282 1466 1354 nobiscum

191 1370 225 1440 in
245 1374 315 1456 vin,
335 1389 374 1444 ut
391 1400 469 1447 cum
488 1403 572 1472 pace
589 1381 701 1455 solute
718 1398 753 1457 et
770 1387 894 1476 gaudio
912 1399 1128 1459 revertamur
1143 1389 1185 1459 nd
1203 1387 1351 1481 proprio.

262 1476 360 1549 Cant.
388 1480 596 1557 Benedictus
621 1487 789 1558 Dominus
813 1489 906 1560 Dens
931 1491 1034 1562 lsrnel
1060 1505 1127 1565 etc.

261 1581 311 1652 Ibi
343 1585 524 1682 Episcopus
559 1589 611 1660 oei
643 1591 804 1663 Sacerdos
835 1595 871 1662 in
903 1592 1018 1689 aliquo
1050 1593 1273 1666 ecclesiastico
1302 1593 1465 1688 diptitote

188 1691 407 1771 constitutus,
432 1693 573 1787 repetito
597 1697 814 1791 Antiphone,
839 1699 1028 1769 intonabit:

259 1794 362 1888 Kyrie
389 1798 535 1884 eleison,
561 1801 698 1876 Christe
724 1805 874 1889 eleison,
901 1806 1004 1900 Kyrie
1028 1805 1170 1880 eleison.

259 1898 361 1972 Pater
383 1915 500 1976 noster
523 1921 660 1978 secreto.

257 2003 298 2090 d.
325 2007 371 2077 Et
397 2030 528 2081 nenos
554 2013 696 2086 induens
721 2016 755 2083 in
780 2015 1022 2087 tentationem.

259 2115 296 2203 td.
322 2113 389 2185 Sed
414 2115 523 2188 libera
548 2141 611 2190 nos
635 2143 654 2191 c
678 2122 783 2193 malo.

256 2218 297 2303 d.
324 2219 443 2292 Salvos
468 2222 521 2294 icc
546 2248 666 2297 servos
693 2241 783 2299 tuos.

256 2327 292 2415 td.
319 2327 411 2398 Deus
436 2353 535 2401 meus
560 2346 738 2422 sperantes
762 2333 796 2402 in
824 2347 871 2407 tc.

254 2428 294 2516 si.
323 2433 422 2507 Mitte
442 2436 542 2507 nohis
566 2437 711 2509 Domine
736 2439 904 2510 auxilium
928 2441 971 2513 de
996 2441 1137 2516 Sancto.

257 2533 295 2625 td.
324 2538 370 2608 Et
394 2541 437 2612 de
462 2541 543 2614 Sion
572 2555 668 2615 tuere
693 2567 764 2616 eos.

254 2639 293 2724 d.
323 2643 409 2715 Esto
434 2648 534 2718 nobis
555 2649 699 2721 Domine
727 2649 831 2721 turris
855 2651 1082 2723 fortitudinis.

254 2753 290 2832 nd.
320 2748 347 2817 Α
373 2748 460 2822 socie
485 2753 630 2825 inimici.

253 2849 292 2936 d.
320 2851 411 2925 Nihil
436 2859 593 2949 proficiat
618 2861 779 2932 inimicus
803 2861 838 2930 in
864 2861 976 2932 nobis.

254 2956 290 3049 td.
319 2956 364 3028 Et
389 2958 481 3032 filius
505 2963 699 3056 iniqnitatis
723 2989 791 3037 non
817 2979 968 3059 apponat
993 2988 1117 3038 nocere
1142 2963 1254 3039 nohis.

252 3069 291 3146 u.
318 3061 527 3135 Benedictus
551 3066 719 3141 Dominus
743 3070 798 3142 die
823 3065 991 3163 quotidie.

252 3168 290 3257 td.
316 3167 523 3263 Prosperum
548 3174 615 3244 iter
640 3175 743 3247 saciat
768 3177 861 3247 Deus
885 3175 1087 3248 salutarium
1115 3183 1327 3250 nostrorum.

251 3271 290 3357 ti.
318 3274 396 3346 Vios
421 3290 500 3348 tuus
524 3277 669 3351 Domine
694 3282 892 3354 demonstro
917 3281 1030 3354 nobis.

252 3381 288 3465 r).
317 3378 362 3449 Et
387 3383 528 3453 semitas
553 3396 630 3454 tuas
654 3385 759 3458 edoce
784 3409 859 3458 nos.

250 3479 289 3567 ir.
316 3484 456 3558 Utinam
480 3490 673 3582 dirigantur
697 3492 778 3563 vioe
797 3506 948 3565 nostroe.

251 3585 287 3675 td.
316 3589 368 3658 Ad
393 3595 636 3666 custodiendas
660 3597 922 3668 iustificationes
947 3609 1037 3669 tuus.

252 3689 288 3776 ir.
317 3691 429 3765 Erunt
451 3720 557 3790 prava
583 3701 617 3769 in
643 3701 786 3774 directo.

250 3797 286 3890 'i-
314 3797 358 3868 Et
385 3821 505 3895 aspera
531 3806 565 3874 in
591 3806 665 3878 vias
689 3807 821 3901 planos.

250 3899 290 3988 d.
318 3904 459 3998 Angelis
484 3910 555 3980 suis
581 3912 674 3986 Deus
697 3917 874 3987 mandavit
898 3915 940 3989 de
966 3927 1014 3988 te.

248 4009 285 4098 ri.
314 4011 360 4081 Ut
385 4013 583 4088 custodiunt
608 4032 642 4091 te
667 4021 701 4088 in
727 4023 888 4093 omnibus
914 4023 979 4094 viis
1003 4021 1087 4094 tuis.

246 4111 286 4199 d.
315 4115 533 4190 Adiutorium
559 4137 717 4194 nostrum
743 4126 778 4194 in
804 4128 944 4199 nomine
968 4125 1122 4198 Domini.

247 4223 282 4311 ni·
308 4219 373 4308 Qui
399 4223 482 4294 iecit
506 4223 640 4299 caelum
666 4243 702 4302 et
728 4242 869 4304 terram.

245 4322 285 4409 d.
315 4327 458 4402 Domine
483 4332 606 4403 exaudi
631 4337 823 4412 orationem
849 4362 976 4412 meam.

245 4431 284 4520 id.
312 4431 357 4502 Et
381 4435 511 4509 clamor
536 4461 633 4512 meus
657 4443 700 4514 ud
724 4456 760 4517 te
786 4447 915 4520 reniet.
