3282 5008
487 418 585 466 suess
604 416 790 464 narrantur.
809 415 912 463 castr.
930 416 966 463 ac
990 415 1171 463 nouantur.
1401 398 1464 461 tt?

187 550 261 597 non
278 535 377 598 esset
392 533 492 595 actus
508 546 527 593 a
543 544 686 612 corpore
704 519 823 590 morali
841 517 1021 590 collective
1039 517 1189 602 elicitus,
1206 516 1266 589 sed
1284 518 1399 612 patius
1416 543 1466 590 re·

193 634 384 704 solveretur
400 631 435 699 in
455 641 505 700 tot
522 627 683 719 suffragia
708 625 851 698 seorsim
869 637 1006 719 sumpta
1032 624 1245 716 singulomm
1270 625 1463 706 vocalium,

192 759 278 828 quae
299 748 415 807 aetum
436 733 614 805 moraliter
643 755 749 802 unum
777 731 989 801 constituere
1017 731 1213 822 nequirent,
1242 732 1463 822 quemadma-

193 842 275 910 dum
292 854 411 934 aperte
429 837 536 910 tradit
552 836 692 928 Gregor.
715 835 769 906 tx.
788 857 861 929 cup.
880 836 916 902 in
940 831 1062 905 Genesi
1080 838 1122 904 ib
1140 833 1181 904 de
1201 833 1307 904 Elect.
1327 835 1380 905 Ex
1397 857 1464 928 qua

196 946 347 1038 exposita
372 943 530 1015 doctrina
554 939 791 1031 consequitur,
811 951 848 1009 ut
866 939 899 1006 in
917 961 999 1008 casu
1021 938 1062 1009 de
1083 959 1153 1030 quo
1172 938 1322 1030 agimus,
1340 939 1465 1011 electio

191 1049 367 1141 Capeliani
384 1048 425 1119 de
443 1045 650 1118 necessitate
667 1041 894 1134 collegialiter
909 1040 1114 1112 absolvenda
1126 1058 1229 1128 esset;
1242 1063 1389 1135 namque
1405 1043 1466 1113 Ca·

192 1154 336 1223 nonieus
360 1163 527 1224 executor
551 1148 857 1230 testamentarius,
883 1160 919 1218 et
945 1146 1104 1218 Testatar
1135 1147 1209 1239 ipse
1239 1147 1293 1217 ius
1317 1147 1463 1240 eligendi

193 1255 414 1349 Capelianum
431 1277 499 1326 non
519 1250 853 1343 singulisCanonieis
870 1251 1036 1323 adtribuit
1053 1250 1158 1324 veluti
1176 1251 1314 1334 accidit,
1328 1251 1465 1344 quando

188 1360 355 1434 'lestator
380 1358 552 1450 aliquibus
577 1356 716 1426 familiis
740 1357 997 1450 iuspatranatus
1022 1369 1196 1440 reservat3
1220 1358 1278 1428 sed
1304 1356 1466 1450 Capitulo

195 1466 299 1538 relati
324 1466 386 1535 uni
409 1483 576 1556 personae
602 1460 740 1543 morali,
768 1484 856 1553 quae
880 1483 978 1530 suam
1004 1461 1110 1530 veluti
1141 1461 1400 1531 subsistentiam
1426 1485 1465 1532 aa

193 1572 302 1642 vitam
328 1573 362 1640 in
388 1581 560 1640 conventu
586 1568 652 1639 rite
677 1569 762 1638 inita
788 1567 852 1637 sibi
878 1580 1066 1660 comparat.
1093 1566 1244 1660 Fagnan.
1266 1567 1348 1663 Cap.
1378 1567 1467 1654 Quia

190 1690 327 1771 propter
351 1674 401 1745 Dc
426 1672 532 1744 Eiect.
550 1696 585 1742 a.
604 1676 662 1744 37.
680 1673 722 1744 de
746 1672 929 1744 Facilest.
951 1686 1030 1742 tom.
1054 1681 1075 1743 1
1098 1675 1128 1764 §.
1147 1697 1181 1742 n.
1205 1679 1284 1745 1151.
1311 1675 1464 1766 Piqnatt.

192 1780 293 1853 Gaas.
314 1784 357 1850 11
375 1804 410 1849 a.
430 1785 449 1849 7
471 1794 502 1850 et
523 1784 543 1849 8
563 1792 643 1848 tam.
665 1786 695 1849 1.
718 1779 832 1850 Piton.
852 1778 997 1873 Discept.
1015 1779 1106 1850 lt'cci.
1126 1784 1169 1850 11
1192 1803 1227 1850 n.
1250 1786 1304 1850 16.

261 1888 428 1967 lamvero,
455 1884 747 1976 subiungebatur,
775 1897 813 1954 ut
837 1883 983 1976 quilibet
1007 1899 1198 1957 conventus
1214 1885 1466 1958 Cananicarum

190 1992 429 2085 capitulariter
453 1989 647 2062 celebratus
671 1989 736 2060 dici
763 2011 842 2060 vere
869 1989 1003 2080 possit,
1034 1990 1117 2060 illud
1146 1992 1297 2082 requiri,
1329 2006 1467 2083 praeter

186 2098 278 2168 alias
303 2096 518 2166 conditiones
543 2094 729 2164 recensitas
754 2117 772 2162 a
799 2093 955 2164 Ferraria
985 2117 1016 2162 a.
1045 2093 1252 2188 Capitulum.
1280 2094 1354 2165 Art.
1387 2101 1399 2164 1
1430 2098 1467 2164 in

189 2200 368 2296 append,
396 2214 434 2270 ut
458 2200 498 2270 ad
525 2221 603 2270 eum
630 2199 765 2270 invitati
792 2199 920 2272 luerint
944 2201 1078 2272 vocales
1103 2223 1228 2270 amnes.
1256 2201 1332 2270 vid.
1359 2202 1465 2273 otiam

188 2307 309 2378 'Piton.
338 2305 485 2400 Discept.
511 2301 601 2375 licei.
634 2308 709 2375 100.
738 2327 773 2373 n.
801 2307 857 2374 tt.
888 2305 1053 2376 Delusa
1082 2305 1129 2376 lle
1155 2303 1282 2375 canoas.
1312 2305 1465 2376 [lircil

185 2435 229 2480 rt.
260 2415 300 2481 tt
327 2410 411 2481 Rata
434 2409 545 2480 Dacis.
573 2414 641 2479 178
665 2433 758 2478 num.
788 2413 827 2478 11
853 2431 888 2502 p.
915 2413 968 2490 11,
996 2425 1027 2478 et
1046 2409 1134 2488 ,alibi
1154 2411 1294 2504 passim.
1323 2408 1468 2496 Quando

190 2539 276 2588 vera
300 2517 446 2588 dicimus
470 2516 666 2586 invitandos
690 2537 765 2587 esse
782 2537 906 2593 omues,
928 2514 1151 2606 intelligimus
1167 2515 1271 2586 etiam
1289 2515 1332 2585 ad
1348 2527 1467 2584 vatum

185 2623 370 2696 ferendum
396 2622 534 2692 insimul
552 2619 745 2692 necessaria
762 2642 837 2690 esse
853 2618 1096 2689 admittendas.
1116 2619 1259 2691 Vocales
1276 2619 1368 2691 enim
1392 2643 1469 2691 sese

187 2731 244 2799 uti
270 2739 488 2821 contemptos
519 2740 679 2817 reputare
715 2725 839 2797 merito
864 2738 1033 2816 possunt,
1059 2749 1126 2796 nan
1152 2726 1263 2798 solum
1299 2727 1328 2796 si
1354 2727 1467 2797 vocati

185 2857 260 2904 aaa
286 2833 429 2914 luerint,
448 2831 509 2904 sed
532 2831 650 2911 etiam,
668 2830 697 2899 si
716 2829 840 2910 vocati,
859 2853 878 2899 a
896 2842 976 2900 vato
993 2830 1183 2902 emittendo
1201 2832 1326 2903 iniuste
1353 2831 1470 2922 probi·

189 2937 358 3021 beantur3
382 2937 465 3028 quin
491 2937 560 3005 ima
585 2934 716 3027 turpius
741 2933 900 3014 elicitur,
929 2935 988 3028 qui
1017 2955 1083 3003 aaa
1110 2936 1302 3006 admittitur
1337 2938 1466 3031 hospes.

193 3043 240 3113 Et
264 3066 360 3122 sane,
385 3043 444 3133 qui
470 3037 670 3129 suffragium
696 3036 784 3108 ierre
809 3038 913 3109 luerit
938 3039 1121 3122 inhibitus
1148 3041 1393 3134 aequiparatur
1423 3043 1469 3122 ei,

185 3148 253 3240 qui
279 3168 346 3216 non
373 3144 476 3214 luerit
500 3143 666 3212 invitatus
692 3140 775 3238 Cap.
802 3140 842 3211 ln
869 3141 992 3215 Genesi
1009 3147 1052 3213 tt
1075 3142 1116 3213 de
1133 3143 1238 3214 Eiect.
1258 3147 1276 3235 S
1297 3170 1358 3217 aee
1372 3170 1471 3240 prae-

192 3251 303 3320 missi.
337 3247 386 3318 tte
412 3247 502 3317 luca
527 3246 618 3317 Dise.
639 3249 695 3316 17.
722 3247 763 3317 de
787 3249 913 3316 Cassan.
933 3270 967 3315 a.
992 3251 1046 3317 111.
1067 3248 1235 3320 Reiaii'est
1254 3250 1291 3320 t.
1317 3257 1347 3321 1.
1366 3251 1466 3322 Deer.

186 3355 237 3424 dc
262 3350 368 3424 Elect.
395 3375 429 3420 n.
460 3357 537 3421 115.
565 3352 718 3424 lamvera
745 3352 829 3422 nibil
855 3351 989 3422 lucilius
1018 3353 1168 3436 accidit,
1195 3376 1297 3447 quam
1330 3357 1470 3450 illegiti-

187 3480 287 3530 mam
308 3456 471 3529 Caaoniai
488 3457 527 3527 Β.
546 3459 589 3529 ab
614 3456 690 3530 aula
716 3457 895 3551 capitulari
922 3461 1061 3551 ratique
1079 3461 1210 3532 edenda
1234 3463 1468 3535 exclusionem

190 3565 442 3636 demonstrare.
473 3563 627 3656 Namque
653 3564 832 3658 inprimis
858 3585 901 3632 ex
926 3566 1141 3655 apertissima
1166 3566 1278 3637 civilis
1311 3569 1396 3640 iuris
1419 3568 1470 3639 di·

185 3669 382 3762 spositione
398 3708 421 3721 -
437 3669 572 3763 prodest
594 3670 794 3764 sttffruqium
819 3669 935 3738 Patris
961 3670 1062 3752 Filio,
1082 3685 1115 3741 et
1134 3670 1217 3741 Filii
1238 3673 1361 3756 Patri,
1388 3677 1469 3745 item

191 3796 322 3853 earum,
353 3771 412 3868 qui
438 3773 475 3842 in
502 3774 651 3844 eiusdem
673 3774 787 3843 Patris
810 3787 970 3868 potestate
989 3789 1086 3844 suat:
1102 3778 1198 3871 quusi
1216 3777 1360 3850 Decuria
1379 3781 1470 3850 enim

189 3875 280 3947 illud
305 3878 398 3950 dedit
421 3878 637 3973 suppremum,
654 3902 718 3949 aaa
732 3881 829 3974 quasi
845 3880 1024 3951 domestica
1037 3906 1204 3977 persona:
1221 3885 1258 3954 ia
1276 3885 1319 3955 iis
1334 3887 1470 3980 quippe,

184 4005 279 4078 quae
303 3985 389 4055 iuris
409 3982 537 4080 publici
559 3999 649 4064 sunt,
671 3986 927 4079 praesumitur,
948 3988 1035 4081 quod
1057 3989 1164 4081 moqis
1192 3991 1231 4060 ab
1263 3990 1383 4060 bonum
1409 4014 1470 4087 pu-

187 4087 317 4158 biicum
332 4102 504 4161 moueatur
519 4114 620 4185 quam
632 4113 675 4160 ec
685 4089 753 4160 aiio
770 4114 871 4161 causo
880 4093 1083 4186 particulari
1095 4097 1281 4192 affectionis
1293 4137 1316 4150 -
1329 4097 1369 4167 L.
1381 4096 1471 4168 iilud

190 4209 226 4263 et
252 4193 292 4263 L.
312 4193 395 4266 item
412 4195 509 4287 Dipe.
539 4195 635 4282 Quod
662 4197 767 4266 cuius.
800 4195 950 4270 Univers.
979 4199 1074 4286 Quae
1099 4203 1263 4272 nimirum
1289 4203 1470 4295 dispositio

186 4314 424 4375 consentanea
449 4314 503 4373 est
527 4302 593 4373 iuri
618 4303 809 4386 canonico,
837 4313 872 4373 et
897 4304 1186 4379 declarationibus
1219 4308 1255 4378 S.
1288 4310 1327 4379 G.
1359 4311 1467 4382 (lone.

185 4407 395 4478 aorninatim
420 4408 455 4477 ia
482 4404 756 4494 resonantes,
783 4410 935 4502 inqua,
963 4436 1042 4485 cum
1074 4413 1239 4486 Canonict
1266 4438 1340 4490 rure
1366 4419 1470 4488 alter·
