3282 5008
513 427 721 478 sxraxrtusts
745 429 784 478 ΕΤ
811 426 1122 478 ntutnttuttxttottts.
1389 400 1460 470 ¹05

182 525 218 596 S.
246 525 357 602 Rotae
390 531 601 615 decisiones,
628 557 667 606 ac
693 537 903 608 recentiores
933 533 1086 606 melioris
1115 541 1217 602 notae
1251 529 1463 622 lnterprctes

183 627 242 700 SS.
267 629 473 717 Canonum,
499 658 624 730 nempe
656 639 815 711 Passerin
839 640 890 711 Dc
915 637 1002 710 Stat.
1028 639 1117 707 bom.
1145 633 1237 705 Τοιιι.
1265 639 1278 704 l
1305 655 1363 728 qu.
1390 633 1462 700 185

183 741 284 806 ort.8
303 761 336 807 ιι.
356 742 435 811 613.
456 742 632 817 Monacell.
653 745 767 816 Forata.
783 744 896 840 Lepci.
916 744 981 815 Tit.
1000 751 1040 816 tt
1053 745 1152 839 form.
1170 749 1190 812 t
1205 739 1275 811 cdi.
1288 737 1333 808 ud
1348 733 1459 831 sappi,

184 865 218 912 ιι.
238 844 280 914 ts
297 845 457 918 Pitonius
473 847 514 918 de
531 848 646 922 cono.
667 852 806 922 Patron.
826 849 932 944 Attep.
953 852 997 920 36
1014 873 1050 918 ιι.
1069 851 1128 918 20.

253 947 354 1023 Hisce
379 955 594 1045 praestitutis
611 957 867 1052 Emphytcutae
887 955 986 1049 plura
1008 955 1213 1026 documenta
1238 947 1460 1044 proferebant

184 1053 218 1122 in
244 1057 416 1139 medium,
444 1082 485 1130 ex
514 1061 640 1152 quibus
674 1062 859 1135 cruebatur
883 1059 1036 1132 Mensam
1067 1055 1296 1154 episcppalem
1327 1052 1456 1123 nedum

184 1156 311 1230 laesam
339 1164 534 1237 nullatenus
558 1165 665 1238 fuisso
689 1189 768 1238 cum
786 1166 1017 1239 Molendinurn
1043 1165 1078 1234 in
1103 1157 1359 1255 emphyteusim
1375 1177 1459 1228 con-

183 1265 306 1348 cessit,
332 1271 416 1359 quin
440 1272 508 1341 imo
524 1273 711 1342 maximam
738 1271 925 1343 utilitatem
951 1281 1173 1342 consecutam
1195 1285 1292 1346 esse3
1317 1283 1358 1332 ex
1386 1258 1460 1329 iru-

186 1369 279 1440 stulo
303 1374 397 1443 enim
426 1375 507 1458 soli,
534 1377 626 1467 quod
652 1376 686 1445 in
714 1375 839 1446 tabulis
863 1372 1084 1447 censualibus
1116 1391 1184 1442 non
1210 1367 1320 1460 pluris
1350 1387 1459 1457 qnam

187 1477 249 1548 tria
266 1478 319 1549 vel
337 1493 485 1573 quatuor
501 1493 636 1550 scutata
654 1479 923 1561 aestimabatur,
949 1479 1110 1572 quodque
1126 1485 1303 1569 praeterea
1320 1470 1459 1540 nullum·

184 1581 320 1656 llensae
345 1584 528 1680 episcopali
553 1585 707 1657 fructum
732 1609 773 1658 eo
795 1597 951 1678 tempore
975 1582 1160 1664 afferebat,
1185 1577 1455 1674 pensitationem

184 1689 452 1781 inperpetuum
476 1689 540 1760 sibi
564 1691 778 1783 comparavit
801 1692 950 1762 duorum
974 1690 1081 1762 tritici
1113 1686 1292 1758 rublorum
1317 1682 1359 1753 ad
1384 1682 1462 1774 epi·

184 1795 320 1885 scopale
342 1795 502 1867 horreum
527 1795 802 1868 deferendorum.

252 1898 411 1969 Derexsro
425 1923 713 1971 sxrnrrneurtnua
728 1923 816 1970 crnct
831 1923 992 1970 secunnux
1005 1893 1349 1969 nuerux.-Disiectis
1362 1915 1454 1963 ever-

182 2002 298 2095 sisque
323 2003 584 2096 exceptionibus
608 2006 758 2098 primum
784 2004 1037 2076 controversiae
1054 2015 1159 2098 caput
1175 1997 1453 2094 respicientibus,

181 2105 222 2175 ad
248 2129 287 2177 ea
312 2109 544 2203 impugnanda
575 2110 747 2180 rationum
772 2121 948 2181 momenta
978 2110 1121 2200 gradum
1146 2106 1339 2186 iaciebant,
1365 2125 1456 2195 quae

180 2225 299 2284 contra
324 2237 362 2286 se
387 2215 431 2286 ab
455 2215 626 2308 Episcopo
651 2239 691 2288 ea
716 2216 750 2285 in
780 2237 818 2286 re
846 2214 994 2286 deducta
1025 2215 1173 2286 fuerant.
1202 2211 1269 2284 Sed
1297 2211 1332 2281 in
1361 2223 1455 2280 ante·

179 2339 315 2388 cessum
341 2319 679 2403 animadvertebant,
705 2343 748 2392 ex
764 2319 956 2391 voluntaria
980 2321 1172 2391 sententiae
1196 2319 1321 2389 ludicis
1345 2316 1457 2388 eccle-

178 2424 307 2496 siastici
333 2427 464 2498 vicinae
488 2423 665 2497 llioecesis
692 2424 731 2496 B.
758 2427 962 2497 executione
994 2425 1037 2496 ab
1062 2426 1233 2518 Episcopo
1265 2423 1382 2504 iussa,
1418 2433 1454 2493 et

178 2545 391 2622 perpetrata,
416 2531 546 2600 lactum
572 2553 668 2611 esse,
687 2542 727 2600 ut
746 2531 919 2602 sententia
935 2535 969 2600 in
987 2529 1248 2602 remiudioatam
1267 2528 1452 2598 transitum

177 2631 321 2718 iecerit,
339 2656 523 2729 quaecum
547 2636 589 2708 de
614 2635 691 2707 albo
716 2635 818 2706 saciat
834 2637 990 2728 nigrum,
1009 2648 1048 2705 ut
1065 2634 1255 2726 loquuntur
1270 2632 1449 2714 Furenses,

178 2737 317 2809 etiamsi
342 2741 468 2810 iniusta
492 2739 635 2822 fuisset,
661 2763 723 2833 pro
747 2739 837 2811 iusta
868 2754 960 2812 esset
984 2740 1160 2822 habenda,
1186 2740 1297 2810 donec
1318 2761 1381 2831 per
1398 2762 1452 2810 rc·

178 2840 398 2915 stitutionem
430 2844 466 2912 in
499 2845 671 2936 integrum
702 2858 861 2916 revocata
890 2857 926 2918 st
953 2846 995 2915 ad
1029 2845 1176 2914 nihilum
1207 2843 1348 2916 reducta
1382 2866 1454 2912 non

179 2943 314 3019 luisset.

248 3053 301 3123 Ad
325 3055 485 3124 meritum
524 3077 647 3127 causae
678 3078 758 3128 vero
788 3055 881 3147 quod
911 3055 1081 3147 pertinet,
1116 3074 1184 3125 non
1215 3052 1452 3125 diffitebantur

177 3162 388 3249 generatim,
414 3162 658 3234 intributiones
682 3162 821 3255 praedio
846 3160 1104 3254 emphyteutico
1121 3181 1140 3228 a
1157 3157 1316 3251 Principe
1341 3158 1453 3252 impo-

178 3263 263 3336 sitas
286 3267 330 3337 ab
355 3267 588 3360 Empbyteuta
613 3291 688 3340 esse
711 3268 951 3360 pensitandas:
970 3279 1006 3335 at
1024 3287 1104 3335 vero
1120 3265 1378 3356 distinguebant
1398 3266 1454 3335 in·

178 3372 383 3445 tributiones
407 3375 616 3455 ordinarias,
643 3397 798 3467 quaeque
823 3372 922 3444 facile
947 3370 1137 3464 praevideri
1163 3382 1315 3461 queunt,
1334 3372 1377 3441 ab
1398 3371 1451 3440 in-

176 3477 425 3547 tributionibus
458 3478 758 3559 extraordinariis,
789 3499 877 3569 quae
909 3478 1024 3546 animo
1049 3497 1068 3544 a
1092 3474 1377 3547 contrahentibus
1405 3500 1454 3547 ne

177 3580 259 3673 fingi
288 3583 427 3674 quidem
459 3594 625 3676 possunt:
660 3604 815 3675 quaeque
848 3583 984 3653 casibus
1017 3579 1163 3650 insolitis
1195 3571 1446 3651 adsimilantur.

176 3683 246 3757 llas
262 3687 355 3758 eninr
372 3687 617 3780 Emphyteutis
641 3684 840 3758 incumbere
865 3685 977 3756 allatis
1001 3684 1267 3755 auctoritatibus
1283 3684 1317 3755 S.
1339 3686 1448 3757 Rotae

174 3791 418 3863 collectorum
436 3792 689 3864 inficiabantur.
708 3792 861 3862 lamvero
880 3792 1059 3884 vectigalia
1076 3813 1096 3860 a
1112 3790 1299 3883 lllunicipio
1320 3791 1448 3863 indicta

174 3893 370 3969 huiusmodi
398 3898 589 3991 reputanda
614 3920 690 3970 esso
714 3896 968 3970 contendebant
976 3921 988 3981 ;
1012 3896 1151 3968 aiebant
1170 3897 1261 3968 enim
1280 3896 1452 3970 inanimo

175 4128 190 4154 ι
201 4121 255 4161 non
275 4105 308 4159 ad
326 4121 418 4162 ornnes
436 4116 606 4171 contractus,
619 4103 666 4160 sed
684 4106 716 4160 sd
738 4121 783 4160 eos
836 4105 939 4160 tetiam
955 4113 1014 4175 post
1029 4105 1103 4159 illam
1115 4105 1341 4160 constitutionem
1359 4103 1447 4159 Urba·

176 4197 326 4255 stantum,
352 4206 419 4260 quos
443 4201 514 4244 certe
532 4199 638 4246 constat
659 4191 783 4245 intulisse
835 4205 932 4256 snam,
941 4188 1099 4259 usquedum
1112 4204 1165 4243 non
1178 4188 1303 4258 probetur
1320 4188 1451 4242 ecclesiae

178 4273 329 4329 ndamnum
348 4276 485 4331 ecclesiae.
509 4278 598 4344 Quare
618 4275 650 4329 ad
675 4291 782 4344 praesu·
836 4273 988 4328 »danrnum
1007 4284 1126 4343 terrrpore
1147 4275 1207 4327 initi
1227 4279 1395 4336 contractus,
1416 4279 1449 4324 ut

174 4377 189 4408 ι
202 4359 326 4414 mendum
351 4360 549 4429 beneplacitum
574 4361 781 4430 apostolicum,
834 4375 904 4428 »per
922 4359 1093 4414 auctoritates
1111 4356 1242 4412 adductas
1254 4357 1282 4411 in
1294 4355 1378 4410 altera
1397 4357 1447 4408 lle-

173 4465 189 4492 ·
199 4459 247 4499 sua
260 4445 296 4498 vit
313 4455 402 4500 menet
422 4447 580 4500 tricenariae
597 4444 782 4500 observantiae
835 4445 958 4499 »cisione
971 4449 995 4508 s.
1009 4453 1033 4497 t.
1045 4453 1114 4498 etc.»
