3248 5004
635 434 783 482 antronn
809 437 945 486 rntvirt.
1381 421 1426 490 85

150 562 221 632 qua
245 539 438 634 praesentia
463 537 668 622 deficiente,
686 552 800 612 cessat
824 543 965 614 omnino
981 541 1156 636 quaelibet
1178 543 1345 616 indirecta
1362 549 1430 638 pri·

155 646 269 740 vilegii
295 647 464 718 extensio.

226 752 267 822 11.
293 751 365 824 lloc
389 774 465 823 esse
491 773 597 821 unum
624 775 665 822 ex
693 755 874 847 exemplis,
895 756 1073 849 inquibus
1098 757 1247 829 invocari
1273 779 1342 829 non
1369 779 1430 850 po·

155 869 226 928 test
242 857 357 950 regula
381 857 466 939 iuris
486 861 526 925 tt
545 857 579 924 in
599 860 631 925 t.
647 857 755 927 -odio
772 859 950 954 restrinqi,
969 875 1000 931 et
1019 861 1150 954 favores
1172 861 1325 932 conuenit
1357 884 1432 932 um-

151 961 259 1057 ph’ari
270 989 314 1032 -.·
330 962 389 1035 sed
408 966 523 1056 potius
547 960 660 1033 locum
686 963 842 1038 obtinere
868 967 971 1038 aliam
997 967 1082 1037 iuris
1107 967 1258 1060 regulam
1277 971 1321 1038 28
1338 969 1375 1038 in
1394 973 1430 1038 ti:

154 1087 242 1159 quac
264 1090 285 1138 a
308 1068 384 1136 iure
415 1067 584 1137 communi
615 1067 825 1152 exorbitant,
859 1093 1070 1166 nequaquam
1093 1071 1138 1142 ad
1161 1071 1432 1167 consequentiam

156 1185 233 1240 cunt
256 1171 430 1242 trahendo.

228 1279 283 1348 lll.
310 1279 389 1350 Dari
419 1292 532 1352 tamen
557 1283 724 1373 quaedam
757 1282 1027 1354 extraordinaria
1057 1283 1210 1366 indulta,
1237 1282 1430 1354 cuiusmodi

157 1397 211 1456 cst
242 1407 427 1477 praestem,
459 1387 493 1454 in
523 1387 649 1479 quibus
681 1390 828 1481 amplior
852 1403 906 1461 est
936 1389 1179 1460 tironatus
1210 1389 1434 1460 concedentis

156 1493 328 1574 intenti03
360 1491 504 1584 ideoque
536 1495 726 1566 seeundum
757 1497 846 1566 hane
879 1495 1133 1580 intentionem,
1169 1495 1202 1563 in
1235 1493 1434 1564 rationabili

156 1597 282 1680 dubio,
309 1595 511 1688 ampliorem
536 1599 689 1691 recipere
714 1612 860 1692 possunt
884 1600 1217 1692 interpretationem.

673 1850 919 1875 υ-ΟθΟ--ι

600 2067 718 2139 lURlS
734 2067 759 2138 F
763 2067 994 2140 crannum

366 2173 424 2245 ET
450 2173 796 2246 RESTlTUTlONlS
821 2174 1243 2249 EMOLUMENTORUM.

235 2387 282 2439 tite
299 2389 331 2438 26
349 2383 513 2440 Novembris
534 2390 600 2440 rant
1007 2389 1079 2442 Seu.
1101 2389 1133 2440 25
1147 2401 1170 2440 c.
1185 2391 1215 2438 tt
1236 2385 1270 2440 de
1286 2383 1403 2452 reform,

232 2578 517 2644 cornpenrttum
534 2575 640 2633 mett.
660 2564 731 2636 Lex
749 2589 811 2658 per
823 2564 995 2658 quoddam
1007 2563 1108 2636 civile
1121 2563 1326 2656 gubernium
1340 2564 1438 2637 eval-

161 2693 257 2765 gata‚
284 2695 352 2764 qua
378 2671 556 2763 Episcopis
581 2672 755 2764 exceptis,
781 2669 1085 2760 adstringebantur
1108 2691 1247 2752 omnes,
1266 2669 1440 2742 electione

162 2778 361 2870 sepulturae
385 2777 544 2859 sublata,
572 2777 605 2844 in
632 2775 770 2869 publico
795 2777 1004 2847 coemeterio
1033 2775 1195 2868 sepeliri,
1222 2777 1441 2847 occasionem

165 2883 324 2978 praebuit
348 2884 519 2975 praesenti
546 2883 753 2976 quaestioni.
781 2882 869 2952 Cum
897 2882 1010 2954 Titius
1025 2883 1084 2975 qui
1098 2883 1308 2975 gentilitium
1327 2880 1440 2973 sepul-

164 2991 285 3060 chrum
312 2987 459 3059 habebat
484 2989 517 3057 in
544 2989 697 3059 Ecclesia
714 2988 936 3081 Regularium
961 2988 1100 3061 Ordinis
1124 2988 1170 3070 Α,
1198 2987 1262 3058 sihi
1288 3000 1436 3056 mortem

164 3095 371 3167 consciverit
387 3098 433 3184 (i)
454 3093 608 3186 nihilque
632 3094 840 3186 disposuerit
857 3095 898 3166 de
924 3117 987 3164 suo
1003 3095 1136 3174 lunare,
1163 3102 1325 3186 parentes
1349 3090 1424 3162 eius

165 3200 304 3293 proprio
330 3199 489 3270 Defuncti
524 3199 675 3270 Parocho
706 3201 954 3270 commiserunt
985 3198 1152 3270 luneralia
1180 3197 1373 3289 peragenda
1403 3196 1439 3265 in

166 3309 241 3399 ipsa
258 3305 442 3398 parochiali
460 3305 616 3387 ecclesia,
635 3305 692 3398 qui
710 3307 792 3376 dum
807 3307 969 3376 mandato
986 3305 1050 3376 sibi
1068 3304 1229 3396 imposito
1242 3300 1439 3373 satisfacere

168 3416 365 3504 inceperat,
390 3411 535 3504 praelati
567 3411 769 3503 Regulnres,
808 3424 884 3482 tum
912 3436 993 3483 voco
1023 3425 1098 3480 tum
1126 3409 1289 3501 scriptis,
1326 3408 1439 3480 eidem

166 3518 316 3611 parocho
340 3516 596 3609 patefecerunt,
623 3519 676 3588 ius
701 3518 881 3600 funerum,
901 3519 1033 3588 ratione
1057 3515 1219 3610 gentilitii
1245 3514 1438 3606 sepulchri,

166 3635 324 3716 spectare
360 3623 402 3692 ad
439 3622 618 3695 ecclesiam
656 3646 777 3706 suam,
812 3625 956 3695 minime
992 3647 1073 3694 vero
1106 3623 1148 3692 ad
1184 3619 1441 3714 parochialem;

167 3728 379 3823 proindeque
410 3730 526 3800 omnia
557 3729 687 3801 funeris
717 3731 950 3803 emolumenta
987 3752 1069 3801 suae
1098 3726 1263 3800 ecclcsiae
1298 3725 1440 3808 deberi,

167 3835 308 3927 dempta
332 3834 548 3905 solummodo
572 3849 694 3928 quarta
712 3837 826 3909 lavore
850 3837 994 3908 Parochi
1021 3835 1141 3928 ipsius.
1170 3831 1399 3904 Nihilominus
1423 3855 1440 3900 n

168 3941 338 4024 Parocho,
364 3943 399 4010 in
425 3943 609 4034 parochiali
635 3943 804 4026 ecclesia,
843 3942 1057 4014 funeralibus
1085 3941 1256 4033 expletis,
1285 3939 1443 4032 quaestio

168 4047 292 4120 deinde
315 4048 352 4118 S.
379 4047 418 4118 C.
447 4047 487 4119 C.
515 4052 692 4142 proposita
718 4064 771 4121 est
796 4051 861 4120 suh
887 4051 991 4120 dubio
1017 4046 1249 4140 infrascripto.

235 4239 272 4301 (Ι)
292 4233 333 4290 1111
351 4237 396 4304 qui
421 4245 533 4291 mortem
552 4237 602 4291 sihi
622 4245 716 4306 sponte
741 4237 782 4289 in·
832 4237 918 4304 egisse
936 4251 999 4289 can.
1013 4233 1159 4288 iliaraasa
1172 4235 1212 4286 15.
1226 4247 1253 4300 q.
1268 4235 1294 4283 t:
1310 4243 1388 4298 qnam
1404 4236 1444 4283 tn·

172 4319 265 4376 icrunt
282 4318 402 4390 privandi
417 4329 482 4376 sunt
496 4321 674 4375 ecclesiastica
691 4321 781 4390 sepul·
835 4335 895 4374 men
908 4315 1046 4374 'insaniam
1077 4315 1193 4386 benigna
1214 4321 1298 4368 mater
1317 4310 1437 4367 Ecclesia

171 4416 231 4461 tura
250 4422 313 4460 can.
328 4405 438 4460 Pincutt
454 4413 484 4459 tt
499 4421 584 4461 cauca
601 4411 633 4459 23
650 4421 678 4475 q.
690 4411 716 4470 5,
732 4407 781 4459 nisi
834 4403 913 4460 facile
929 4403 1084 4475 praesumit.

169 4496 277 4545 constet
293 4503 339 4544 eon
356 4487 445 4544 lurore
463 4498 552 4552 actos,
577 4489 615 4544 rei
638 4489 741 4544 insanin
761 4487 786 4544 id
