3282 5008
208 359 252 428 96
471 386 732 437 consummatus
749 390 792 438 SS·
816 389 973 436 REDHPT·
992 386 1087 435 SUPER
1107 385 1220 433 rtuwt.

205 487 463 576 megationibus
487 487 699 561 Clerieorum
725 491 1018 563 Discalceatorum
1044 487 1169 560 SSir'rae
1185 484 1324 566 Crucis,
1341 484 1482 556 Piorum

205 587 463 681 Operatiorum,
482 605 518 665 et
537 594 719 666 Doctrinae
732 595 968 677 Christianae,
987 593 1128 687 perinde
1145 614 1184 662 ac
1201 592 1229 661 si
1249 590 1361 662 eidem
1381 590 1483 678 (Con-

206 699 395 787 gregationi
420 699 517 770 88ῶί
539 700 799 795 Redemptoris)
825 700 1016 796 specialiter
1039 713 1072 770 ct
1095 720 1249 793 expresse
1272 718 1313 766 ac
1332 696 1482 790 parisor-

205 803 306 873 miter
336 821 368 876 et
398 829 503 900 aeque
529 808 767 903 principaliter
793 833 955 882 concessa
987 808 1156 890 fuissent;
1180 827 1219 876 ac
1247 802 1392 896 proinde
1417 801 1483 870 mi·

205 909 299 980 nime
324 912 462 984 obstare
487 913 654 1004 Regulam
679 913 913 989 Canceliariae
938 915 980 986 de
1003 915 1079 984 iare
1103 911 1194 984 tertii
1217 931 1283 978 non
1315 905 1482 976 tollendo:

205 1017 334 1085 etenim
351 1017 540 1088 secundum
560 1021 748 1090 tractorum
766 1021 958 1094 doctrinam
976 1041 1055 1090 eum
1070 1014 1236 1110 agiturde
1249 1011 1357 1103 gratia
1371 1032 1415 1080 ea
1426 1032 1479 1078 sur

204 1135 327 1192 aeterra
339 1122 692 1218 praeiudiciali,sicut
709 1139 830 1200 estex.
844 1151 894 1220 gr.
912 1125 1122 1219 exemptioa
1138 1120 1292 1200 decimis,
1303 1117 1480 1208 exemptio

200 1249 221 1294 a
240 1227 496 1309 iurisdictione,
512 1231 709 1300 immutatio
724 1232 925 1313 voluntatis,
937 1243 1022 1312 ete,
1037 1251 1106 1300 non
1119 1225 1306 1318 requiritur
1326 1219 1416 1312 quod
1443 1218 1477 1286 in

203 1333 424 1403 concessione
450 1333 510 1402 fiat
535 1357 697 1425 expressa
722 1336 854 1406 mentio
870 1337 912 1407 de
930 1333 1141 1427 praeiudicio
1160 1328 1261 1402 tertio
1282 1322 1474 1416 irrogando.

273 1438 324 1507 Ad
346 1438 480 1510 Literas
501 1441 716 1530 apostolicas
742 1440 808 1527 Qui
835 1442 921 1512 sient
951 1440 1042 1532 quod
1067 1439 1210 1519 attinet,
1233 1431 1479 1506 ostendebatur

202 1543 300 1614 Pium
322 1545 391 1615 Vll.
416 1546 440 1616 i.
461 1569 507 1616 m.
534 1571 595 1640 per
616 1548 728 1640 ipsas,
747 1571 814 1620 non
849 1547 960 1619 solum
987 1546 1207 1617 confirmasse
1235 1542 1365 1612 Literas
1387 1537 1478 1629 Apo-

198 1646 341 1719 stolicas
373 1649 649 1732 Sacrosancmm,
674 1675 777 1746 supra
806 1651 989 1743 allegatas,
1016 1651 1059 1722 de
1086 1649 1213 1742 quibus
1242 1647 1311 1718 ait:
1336 1664 1475 1738 erronea

206 1761 217 1842 (
228 1755 447 1853 Lites-arum)
474 1774 621 1830 tenorem
641 1759 875 1854 praesentibus
895 1781 958 1854 pro
982 1780 1136 1852 expresso
1160 1769 1191 1825 et
1217 1756 1340 1825 inserto
1364 1748 1480 1820 haberi

203 1859 353 1932 calamae
360 1888 376 1944 ;
389 1865 448 1934 sed
465 1865 509 1935 ab
522 1866 596 1957 ipso
609 1889 806 1958 expressam
821 1865 926 1936 suisse
937 1863 1153 1934 voluntatem
1167 1859 1365 1950 (statuimus
1377 1855 1478 1927 edici-

201 1987 276 2034 mus
299 1979 331 2036 et
355 1965 585 2060 declaramus)
602 1970 810 2041 concedendi
836 1967 1099 2062 Congregationi
1117 1964 1214 2036 88ῶί
1236 1963 1477 2056 Redemptoris

197 2073 313 2142 omnia
330 2088 361 2142 et
373 2073 507 2167 sirrpnla
518 2075 719 2171 priuilepia,
735 2076 890 2161 indulta,
910 2075 1136 2170 indulpeatias
1151 2086 1183 2141 et
1195 2085 1409 2164 peecatorum
1427 2091 1479 2136 rc-

198 2179 400 2261 missiones,
425 2180 627 2274 facultates,
652 2185 901 2279 Exemptiones
925 2198 957 2255 et
981 2182 1108 2277 pretias
1130 2176 1348 2274 spirituales,
1375 2176 1476 2246 etiam

199 2283 377 2376 specialem
393 2287 597 2358 mentionem
613 2291 842 2384 requirentes,
859 2288 978 2384 paribus
988 2285 1184 2384 praedictae
1210 2281 1477 2377 (Congregatio-

202 2407 263 2456 nes
280 2387 406 2460 SSt'irae
427 2389 548 2462 Crucis
573 2403 618 2480 et
633 2393 827 2475 Passionis,
846 2393 1031 2465 Doctrinae
1056 2390 1263 2464 christianae
1284 2401 1320 2460 et
1337 2388 1476 2460 Piorum

200 2490 464 2587 Operariorum)
479 2495 632 2592 aliaeque
647 2498 775 2570 similes
793 2497 1001 2570 Clericoram
1016 2521 1074 2570 seu
1087 2494 1305 2590 Repulariam
1321 2517 1379 2566 seu
1397 2493 1478 2566 Sae-

194 2595 366 2668 cnlorium
392 2600 726 2698 Conprepationes....
745 2628 787 2675 en
803 2605 1011 2677 concessione
1034 2601 1243 2700 Apostolica,
1263 2625 1321 2672 sen
1338 2626 1380 2673 en
1395 2623 1477 2696 prta·

197 2699 275 2774 libet
316 2704 563 2779 Venerabilium
600 2711 761 2782 Fratrum
798 2711 997 2783 Nostrorum
1032 2711 1068 2783 8.
1101 2711 1144 2782 li.
1170 2709 1212 2780 Ε.
1241 2707 1475 2780 Cardinalium

198 2807 486 2906 Conprepatione,
511 2817 680 2888 antelios
702 2817 945 2912 quomodolibet
975 2833 1119 2888 utantur
1147 2817 1311 2911 fruantur
1338 2831 1370 2887 et
1394 2839 1475 2911 pau-

199 2915 300 2998 dent,
324 2940 363 2987 ac
386 2919 438 2987 ati
461 2921 534 3012 frui
558 2937 589 2992 et
613 2922 760 3014 pandere
780 2936 938 3018 poterant
962 2923 999 2991 in
1023 2923 1189 3017 [uturum.
1212 2919 1258 2991 Et
1278 2942 1346 3013 quo
1366 2921 1476 3013 magis

194 3021 513 3104 demonstraretur,
540 3027 716 3118 praedicta
741 3028 917 3122 privilegia
936 3040 971 3099 et
988 3028 1228 3121 exemptiones
1252 3048 1474 3099 concessare

193 3129 398 3200 confirmata
429 3130 553 3214 inisse,
581 3154 648 3203 non
675 3135 775 3206 modo
801 3159 863 3228 per
892 3135 983 3204 viam
1016 3133 1249 3225 amplissimae
1282 3133 1473 3203 eommuni-

194 3237 361 3318 cationis,
389 3238 448 3308 sed
469 3261 532 3332 per
554 3261 667 3309 ceram
693 3253 724 3310 et
749 3241 912 3312 directam
941 3241 1205 3320 concessionem,
1231 3249 1367 3332 praeter
1391 3240 1474 3310 alias

196 3340 368 3412 clausulas
385 3355 420 3414 et
436 3343 687 3435 derogationes,
708 3345 933 3418 insistebatur
945 3346 1150 3440 praesertim
1167 3345 1201 3415 in
1219 3344 1332 3416 verbis
1348 3345 1475 3435 quibus

197 3444 357 3516 laudatus
384 3447 541 3521 Pontifex
568 3449 651 3520 Pius
675 3451 734 3522 Vtt
760 3473 922 3543 expresse
947 3451 1074 3524 edixit:
1100 3472 1141 3519 ac
1161 3451 1289 3529 etiam,
1312 3463 1476 3541 quaterna

197 3571 279 3646 opus
298 3551 367 3630 sit,
388 3554 498 3624 eidem
519 3553 775 3650 Conprepationi
796 3556 898 3629 88ῶί
915 3556 1201 3652 Ηεάετπριοήε....
1222 3553 1346 3650 illaque
1360 3557 1474 3626 omnia

193 3672 230 3726 et
254 3654 386 3751 sinpnla
412 3671 584 3754 tamqnam
608 3659 650 3731 dc
673 3661 770 3731 cerdo
794 3661 839 3731 ad
865 3661 999 3731 veriam
1030 3660 1085 3730 irie
1113 3682 1269 3754 expressa
1293 3674 1324 3729 et
1349 3658 1475 3729 inserta

197 3765 360 3858 fuissent.
379 3817 387 3834 .
405 3817 413 3833 .
431 3815 438 3829 .
455 3767 571 3868 eadem
595 3769 794 3838 anctoritate
817 3768 926 3838 denuo
951 3767 1171 3838 concedimus.

267 3869 372 3941 Porro
390 3869 675 3963 subirrnpebatur,
694 3872 890 3944 huiusmodi
915 3872 1224 3965 CongregationeS,
1242 3892 1387 3963 quarum
1404 3869 1472 3962 pri-

198 3976 333 4068 vilegiis
358 3975 560 4046 institutum
585 3976 681 4048 88ῶί
708 3976 950 4070 Redemptoris
975 4000 1017 4048 ex
1041 3974 1181 4069 speciali
1205 3975 1352 4046 Sanctae
1376 3974 1475 4046 Sedis

194 4083 306 4177 gratia
332 4081 471 4164 inuitur,
497 4085 645 4174 gaudere
672 4086 892 4175 exemptione
916 4083 1114 4154 omnimoda
1139 4081 1181 4152 ab
1207 4081 1404 4175 Episcopali
1422 4082 1474 4150 iu-

198 4190 399 4261 risdictione
424 4188 624 4258 visitatione
641 4203 676 4257 et
692 4191 919 4273 correctione3
936 4201 971 4259 et
988 4189 1171 4282 praecipue
1188 4189 1229 4257 ad
1247 4189 1312 4259 hoc
1332 4188 1475 4260 demon-

197 4297 397 4379 strandum,
425 4295 661 4367 adducebatur
679 4295 898 4389 Rescriptum
915 4318 1116 4368 concessum
1146 4293 1184 4364 B.
1204 4294 1312 4365 Paulo
1328 4317 1347 4364 a
1363 4292 1475 4367 Cruce

195 4424 286 4473 anno
308 4403 427 4482 t771.‚
446 4399 538 4492 quod
565 4400 598 4466 in
625 4401 717 4471 calce
743 4423 865 4473 causae
891 4401 1063 4494 integrum
1090 4400 1284 4473 referimus.
