3248 5004
184 433 230 503 24
467 458 634 506 ttuttttst.
654 458 833 508 uttnumtttt
850 458 890 507 EX
909 459 1016 508 cartre
1034 460 1163 508 nactus.

182 583 223 632 ac
239 560 418 632 lmudibus
434 583 509 635 earn
527 562 778 636 circumvenire
795 586 838 636 ne
855 565 896 636 ad
909 585 1006 635 suam
1025 564 1142 638 redeat
1157 563 1311 647 domum,
1321 576 1462 658 posteo

182 688 286 760 quom
310 666 419 740 libem
442 667 591 740 exiverit

252 773 312 844 lll.
339 771 456 866 Neque
473 773 668 846 intereston
680 774 795 867 puella
810 775 865 847 his
881 775 1059 848 fraudibus
1076 775 1280 848 consentiat.
1299 773 1457 848 moseo.

182 899 243 950 sus
257 879 353 951 euim
369 877 547 952 fraudibus
565 891 725 951 extortus
764 895 903 975 apertae
925 881 1108 954 violentiae
1128 879 1371 974 asquipamtur
1388 882 1457 975 (l).

253 985 309 1058 tv.
336 985 374 1056 ln
395 984 460 1056 huc
480 998 597 1057 autem
613 998 707 1057 statu
724 1001 844 1080 raptus
861 989 1011 1081 puellam
1031 1000 1245 1071 manentem,
1265 987 1453 1061 inhabilem

183 1116 225 1166 cx
250 1092 324 1166 iure
349 1113 443 1173 esse,
469 1089 512 1163 ad
537 1091 809 1165 contrahendum
835 1115 916 1164 oum
940 1105 1090 1187 raptore.

253 1199 293 1270 V.
319 1198 424 1270 Posse
448 1209 565 1268 tamen
589 1196 741 1269 hahilem
765 1197 861 1280 fleri,
880 1199 908 1269 si
933 1197 1132 1292 aRaptoris
1156 1208 1328 1292 potestate
1352 1219 1454 1290 sepa·

182 1317 290 1387 retur,
317 1303 412 1375 etin
436 1302 512 1373 loco
537 1312 615 1374 tuto
631 1324 671 1374 ac
695 1302 805 1375 libero
829 1305 1074 1376 constituatur.

252 1409 308 1480 Vl.
335 1407 566 1480 Nihilominus
589 1431 658 1480 non
676 1409 810 1480 censeri
835 1408 984 1502 puellam
1003 1408 1047 1480 ab
1068 1431 1108 1480 ea
1128 1421 1291 1504 potestate
1313 1430 1455 1501 separa-

181 1527 279 1599 tam,
305 1516 334 1585 si
360 1525 478 1606 raptor
501 1513 618 1604 potius
642 1535 701 1608 per
728 1512 854 1598 alium,
880 1537 984 1608 quam
1009 1537 1155 1608 porse,
1181 1525 1389 1609 potestatem
1414 1515 1456 1583 in

181 1622 333 1718 puellam
358 1631 530 1694 exerceat.

251 1731 323 1804 Vll.
350 1728 468 1823 Neque
485 1729 599 1801 locum
616 1730 748 1804 censeri
766 1743 875 1800 tutam
892 1729 951 1823 qni
975 1729 1136 1823 publicus
1152 1729 1216 1811 sit,
1237 1751 1349 1823 neque
1369 1726 1451 1800 tite-

181 1861 276 1918 rum,
289 1837 448 1931 quamvis
461 1837 496 1907 in
509 1859 550 1908 eo
568 1837 724 1908 nonnulli
741 1849 840 1909 actus
856 1837 963 1910 libore
976 1837 1127 1909 exerceri
1142 1859 1242 1929 posse
1255 1837 1451 1908 videantur.

252 1945 337 2018 Vlll.
364 1943 482 2037 Neque
507 1943 620 2014 valere
645 1944 904 2015 matrimonium
930 1951 994 2016 noe
1018 1945 1052 2013 in
1082 1955 1176 2014 statu
1204 1955 1447 2022 contractum,

180 2051 316 2124 etiamsi
333 2062 414 2121 ante
430 2048 698 2122 celebrationem
734 2050 922 2141 prudenter
935 2049 1213 2142 praevideretur,
1228 2049 1319 2140 quod
1337 2049 1450 2141 puella

180 2159 215 2227 in
241 2157 332 2229 idem
358 2155 617 2226 matrimonium
642 2155 875 2228 consensisset
902 2155 983 2228 licet
1008 2155 1043 2225 in
1067 2153 1143 2226 loco
1175 2166 1253 2228 tuto
1280 2177 1319 2226 ac
1343 2155 1456 2226 libero

179 2265 466 2336 constitueretur.

250 2368 306 2440 tx.
335 2365 448 2455 Quare
473 2389 517 2438 ex
542 2365 656 2438 indole
680 2365 746 2438 loci
770 2364 805 2434 in
831 2387 899 2458 quo
925 2381 1022 2460 rapta
1046 2365 1186 2459 ponitur
1227 2364 1355 2458 pendet
1380 2387 1455 2436 ma·

183 2475 335 2547 trimonii
361 2473 531 2545 validitas.

252 2581 293 2651 Χ.
322 2580 477 2673 lienique
510 2601 635 2662 erues,
672 2578 933 2650 matrimonium
965 2579 1014 2650 sie
1046 2578 1193 2650 invalide
1233 2588 1452 2649 contractum

180 2709 249 2760 non
273 2685 503 2770 convalidari,
522 2685 582 2757 ubi
606 2685 700 2778 viget
724 2683 781 2757 lex
808 2684 1011 2769 tridentina,
1029 2708 1092 2778 per
1114 2684 1252 2776 longam
1276 2683 1458 2755 cohabito—

182 2793 312 2864 tionem
339 2790 401 2885 (2).

248 3035 285 3099 (t)
301 3031 363 3087 Vld.
382 3046 442 3102 app.
463 3031 498 3083 ll.
844 3029 1026 3101 pedimentum
1038 3047 1142 3087 cessare
1152 3047 1205 3086 non
1219 3036 1317 3101 potest,
1331 3029 1381 3084 uisi
1396 3044 1453 3082 mo-

243 3123 280 3184 (t)
290 3119 324 3172 iix
334 3132 367 3172 co
377 3124 449 3187 potet
460 3113 625 3185 coniugium,
639 3123 729 3185 raptus
741 3116 789 3170 im·
841 3116 891 3171 lier
912 3116 1029 3186 legitime
1050 3125 1187 3185 separetur
1204 3131 1218 3170 a
1238 3121 1350 3185 raptore.
1370 3115 1456 3168 Porro

180 3203 335 3273 pediroemo
352 3208 536 3266 contractum,
556 3199 718 3254 convalidari
745 3215 790 3269 per
843 3218 888 3271 per
905 3199 1130 3256 cohabitationem
1146 3209 1237 3257 monet
1249 3199 1347 3270 iugltoe
1359 3199 1387 3253 io
1402 3213 1452 3268 pu·

179 3287 405 3342 miseriationum
421 3300 476 3338 uuu
493 3299 585 3354 posse;
595 3285 658 3353 quio
672 3284 724 3339 tale
737 3285 788 3338 im·
841 3293 935 3341 testate
953 3285 1076 3354 raptoris.

735 3715 886 4018 sc
