3282 5008
436 429 699 480 toatntctttorts
716 429 762 478 SS·
779 429 933 477 tentant.
952 428 1045 476 SUPER
1065 425 1176 476 antiit.
1400 404 1445 477 99

240 531 297 604 tv.
323 531 384 605 llla
407 531 557 624 deniquo
572 531 754 615 Instituta,
780 554 868 623 quae
893 531 1089 602 huiusmodi
1115 533 1372 624 exemptionem
1401 533 1446 604 ab

168 636 357 730 episcopali
392 635 627 708 iurisdictione
659 635 725 706 sihi
758 636 931 707 vindicare
967 649 1169 728 nequeunt,
1206 641 1447 732 exemptiones

171 758 286 814 tanton
311 742 377 815 sihi
401 741 576 815 vindicare
600 741 712 834 quoad
738 743 961 824 institutum,
989 755 1024 813 et
1049 743 1161 835 quoad
1186 767 1225 814 ea
1251 745 1445 839 dequibus

170 847 444 922 Constitutiones
476 849 690 943 respectivae
722 850 936 942 loquuntur,
963 872 1004 921 eo
1029 849 1104 942 ipso
1128 850 1219 943 quod
1245 851 1442 945 Apostolice

168 957 375 1030 auctoritate
399 957 469 1029 sint
492 956 715 1050 peculiariter
738 957 902 1030 sancitae.

679 1195 936 1224 —qn'itffl-

370 1399 684 1474 EMPHYTEUSIS
708 1399 767 1471 ET
793 1399 1234 1478 REDlN'lEGRATlONlS

201 1602 258 1663 nte
274 1605 309 1658 aa
326 1599 436 1672 Aprile
454 1601 532 1658 sess.

236 1815 521 1882 compendium
542 1810 649 1871 ruas.
681 1799 719 1870 ln
759 1799 857 1871 libris
891 1800 1199 1874 administrationis
1236 1802 1441 1896 episcopalis

163 1905 304 1980 Mensae
334 1906 494 1978 Civitatis
519 1907 561 1976 Α.
586 1906 772 1978 memoriae
805 1905 970 1976 traditum
1003 1905 1201 1998 legebatur,
1228 1910 1319 2002 quod
1345 1932 1437 1980 anno

169 2015 258 2083 1797
275 2012 331 2084 dic
354 2015 398 2082 28
425 2011 553 2105 Aprilis
577 2033 640 2104 per
662 2023 739 2083 octa
757 2009 887 2083 Notarii
911 2009 967 2086 Ν..
987 2011 1209 2105 eiusdemque
1233 2012 1438 2087 Cancellarii

163 2119 389 2212 episcopalis,
415 2118 608 2212 Episcopus
631 2140 693 2210 pro
718 2129 873 2211 temporo
925 2115 1091 2188 Damiano
1117 2117 1151 2186 in
1172 2117 1438 2212 Emphytcusim

164 2225 207 2298 ad
232 2226 372 2298 tertiam
396 2225 652 2317 generationem
684 2235 902 2296 concesserat
932 2222 1102 2316 quoddam
1136 2224 1200 2296 soli
1225 2224 1436 2308 frustulum,

163 2438 311 2510 regendam
322 2437 474 2509 requiratur
484 2437 566 2492 etiam
577 2443 694 2506 potestas
705 2435 777 2491 inssi-
827 2435 883 2502 ris,
894 2451 958 2506 erpo
975 2435 1038 2492 huic
1051 2437 1254 2508 Congrepationi
1264 2477 1271 2503 ,
1283 2437 1375 2492 eadem
1389 2452 1437 2506 po·

163 2525 452 2594 gendiceusarasmon
462 2528 549 2592 potest
558 2519 682 2576 concludi
692 2520 775 2576 talem
827 2527 908 2575 testas
926 2519 1051 2588 denegari
1068 2537 1121 2576 non
1141 2537 1215 2590 posse
1235 2520 1349 2577 videtur.

162 2611 318 2664 societatem
336 2623 389 2662 non
409 2621 466 2661 essa
483 2613 646 2673 exemptam,
658 2603 704 2660 sed
719 2607 774 2660 imo
881 2605 945 2658 item
965 2607 1111 2674 generatim
1130 2608 1199 2662 circa
1223 2605 1436 2662 iurisdietionem

162 2691 290 2749 concludi
302 2689 548 2762 legitimcdelverat,
562 2704 621 2744 eam
636 2691 687 2744 ivae
698 2688 776 2745 ioris·
827 2696 854 2743 et
863 2689 1022 2743 nominatim
1035 2693 1196 2745 canoatmm
1205 2693 1383 2746 visitationem
1396 2691 1436 2746 ia·

162 2775 292 2832 dictionis
321 2781 475 2844 potestate,
500 2772 640 2844 infligendi
672 2773 777 2828 seilicet
827 2771 1435 2842 etantanr,quovtaotnsnruromssutetam·

163 2873 309 2924 masone,
326 2857 443 2926 gaudere
460 2857 567 2914 debere.
827 2857 911 2925 pteris
934 2859 1048 2922 attinet,
1068 2859 1132 2914 haec
1154 2867 1258 2914 unium
1284 2859 1435 2914 referimus.

214 2945 356 3000 Caeterum
367 2941 776 3014 nequedesuntinlvacrepeco·
827 2942 894 2996 Cum
916 2941 1062 3010 Gregorius
1076 2945 1145 2997 livi.
1157 2943 1176 2998 l.
1190 2961 1213 3000 r.
1225 2946 1253 2998 in
1270 2960 1314 3000 ses
1329 2949 1436 3015 provin·

162 3029 245 3084 liores
263 3025 434 3081 authenticae
451 3026 646 3083 declarationes
659 3027 699 3083 vel
713 3043 775 3083 con·
827 3025 881 3080 cias
892 3025 943 3080 hoc
952 3028 1107 3081 institutum
1118 3027 1236 3082 diviserit
1249 3031 1360 3084 Decreta
1370 3035 1385 3082 a
1394 3035 1437 3083 tu·

161 3113 299 3169 cessiones
319 3111 389 3166 circa
411 3111 555 3182 peculiaria
581 3111 705 3182 religiosa
729 3114 774 3166 lo·
828 3108 857 3165 lii
868 3108 1043 3177 tstt,eodcm
1052 3118 1171 3180 tempore
1183 3112 1259 3165 iussit
1269 3111 1437 3168 deliniendos

160 3200 256 3254 sutura
276 3194 311 3251 de
332 3195 431 3268 quibus
454 3199 571 3266 calmas.
591 3197 636 3252 Sic
659 3198 774 3254 Benedi-
826 3210 884 3250 esse
901 3194 1042 3250 facultates
1058 3196 1262 3252 Proviurialium
1278 3198 1305 3251 in
1316 3199 1435 3268 proxivno

160 3291 221 3337 ctus
235 3281 310 3336 xttt.
323 3280 407 3336 literis
424 3281 578 3352 apostolicis
591 3280 644 3337 diei
660 3289 690 3337 te
702 3283 773 3338 lunii
825 3281 945 3351 generali
957 3281 1095 3351 Capitulo;
1108 3280 1179 3351 quod
1195 3281 1292 3337 deinde
1312 3283 1434 3339 habitum

163 3371 229 3420 tm
259 3365 463 3436 Congregationi
481 3368 627 3423 Doctrinae
643 3366 772 3422 Christia-
825 3365 1432 3440 iuitliomoeauno1855.lprigidumexamen

160 3465 223 3518 nae,
236 3457 268 3506 ut
275 3453 388 3519 firmins
398 3453 559 3508 atraere
572 3454 637 3508 haec
650 3451 772 3508 indulsit:
826 3461 884 3508 acta
906 3453 986 3506 liuius
1009 3450 1119 3519 capituli
1141 3450 1249 3506 luerunt
1266 3468 1281 3506 a
1295 3453 1321 3508 S.
1336 3455 1365 3509 C.
1380 3453 1433 3508 Eli.

162 3557 176 3583 ι
189 3541 225 3592 tlt
239 3534 414 3604 Praepositae
422 3538 561 3608 petieratis
571 3538 692 3592 eiusdem
703 3540 773 3592 Con·
825 3544 852 3591 et
869 3539 927 3592 itit.
941 3545 1074 3602 revocato,
1086 3543 1113 3589 et
1126 3535 1196 3590 inter
1214 3537 1282 3605 alia,
1299 3554 1369 3608 quae
1385 3554 1434 3608 ap·

160 3623 334 3690 precationis
347 3627 373 3676 et
387 3627 501 3691 quisque
517 3621 720 3689 provincialis,
739 3621 774 3676 de
826 3621 934 3691 probata
952 3620 1093 3676 luerunta
1112 3622 1251 3688 Regnante
1268 3624 1348 3678 llam.
1362 3625 1434 3678 Pon·

159 3717 275 3758 mrum
288 3705 618 3776 comitiariorcm,atqae
629 3709 728 3762 necor
739 3704 773 3760 de
824 3706 915 3769 tides,
939 3705 1109 3775 reperiuntur
1127 3704 1182 3760 duo
1199 3707 1306 3762 articuli
1323 3709 1351 3762 in
1370 3709 1431 3778 qui·

157 3790 318 3856 Pramositi
339 3791 541 3856 provincialis,
573 3793 685 3859 eiusque
707 3803 771 3843 con·
824 3789 876 3846 bus
897 3791 1102 3846 Prouincialium
1136 3789 1217 3846 huius
1247 3792 1364 3846 instituti
1388 3806 1433 3862 po-

156 3870 218 3926 stlti
230 3885 371 3940 consona,
380 3875 516 3928 adversas
527 3875 580 3929 sibi
592 3875 716 3929 sabditos
732 3879 772 3927 in·
823 3883 905 3931 testas
916 3877 987 3930 ivisce
1001 3874 1085 3929 verbis
1094 3875 1182 3944 ample
1192 3874 1328 3930 delinitur:
1341 3881 1431 3929 Exer-

157 3953 328 4023 obedisates,
339 3962 390 4012 aut
401 3962 574 4013 contumaces
589 3975 636 4014 seu
652 3957 771 4014 docetes
821 3961 903 4016 cendi
917 3958 1130 4015 iurisdictionem
1147 3964 1176 4014 tn
1192 3965 1331 4026 ltectoras,
1342 3965 1432 4031 Sape-

159 4041 200 4096 ari
213 4054 332 4110 poenam
350 4046 535 4112 suspensionis
552 4059 567 4098 a
587 4044 689 4099 Divinis
704 4059 770 4113 pro·
821 4047 911 4099 riores
921 4042 1078 4113 atsiapnlos
1088 4044 1232 4112 subiectam
1243 4042 1436 4111 transferendi

152 4127 255 4182 cedere
272 4140 306 4180 aa
326 4131 517 4198 resipiscentes
539 4129 575 4182 ab
598 4128 649 4185 iila
674 4128 769 4185 adsol-
820 4129 942 4199 stapulas
959 4129 1092 4182 subiectos
1108 4145 1210 4184 ecana
1228 4129 1310 4183 domo
1321 4132 1350 4183 in
1362 4129 1434 4185 alte·

155 4225 221 4265 cere
237 4209 324 4266 iibere
338 4217 367 4266 et
383 4212 477 4268 aalide
492 4217 601 4284 possint
616 4219 769 4285 respective
819 4229 895 4282 ram,
904 4213 1430 4284 pernecavitetdiripendiMissiones...

154 4301 184 4349 et
201 4295 340 4350 eckart·
357 4297 504 4366 Pririlegils
521 4296 601 4352 huius
619 4299 769 4370 Congrega·
819 4304 874 4354 ΧΙ.
894 4299 1061 4354 instituendi
1083 4301 1230 4368 quotannis
1254 4299 1431 4354 visitationem

153 4381 387 4446 tionis‚ecmodo
400 4398 453 4453 quo
469 4383 588 4438 incausa
602 4381 767 4446 dictumest,
820 4387 998 4450 monnicam,
1023 4386 1143 4438 oninium
1169 4383 1376 4454 Coilepioram,
1403 4391 1437 4440 et*

152 4467 338 4522 ecmrouaieat
356 4468 534 4540 &aparatio
550 4467 597 4524 SS.
610 4469 766 4540 liedernpto·
818 4473 1008 4530 {insolitorum
1026 4473 1079 4524 ete.

1314 4557 1334 4596 av
