3282 5008
512 434 745 485 taruannensis
761 435 796 482 ar
815 429 1126 482 nsutnrroaarrosre.
1380 411 1445 482 ton

246 536 348 613 llisce
378 539 503 634 positis
533 539 790 632 Emphyteutae
814 539 882 610 duo
907 536 1177 619 subsumebant,
1199 557 1306 608 unum
1332 535 1367 606 in
1391 534 1450 606 ia-

173 655 255 728 cto,
279 645 372 716 aliud
397 646 432 716 in
456 648 543 717 iure.
569 645 685 717 Primo
709 644 879 737 siquidem
903 642 1151 724 ostendebant,
1178 663 1345 714 canonem
1369 641 1450 714 duo

175 772 254 821 rum
277 752 382 824 tritici
408 751 587 823 rublorum
612 750 740 823 nodum
763 772 880 844 parem
907 773 982 824 esse
1011 749 1181 820 fructibus
1209 772 1228 819 a
1253 747 1449 821 Molendino

176 857 305 950 percipi
329 858 460 942 solitis,
487 858 547 930 sed
572 869 608 929 at
632 856 770 929 eosdem
802 855 936 929 iructus
963 856 1064 949 longe
1088 877 1250 948 superare
1274 877 1342 926 uon
1374 855 1448 926 sine

176 959 307 1052 ingenti
332 961 470 1034 Mensae
503 961 709 1054 episcopalis
742 959 904 1033 utilitate.
930 960 1103 1042 Subinde,
1144 981 1224 1030 cum
1257 959 1449 1051 incomper-

176 1077 252 1134 tum
275 1065 321 1136 sit
336 1067 428 1158 apud
453 1087 593 1147 omncs,
612 1065 705 1157 quod
722 1065 757 1134 in
776 1062 880 1136 locati
905 1074 941 1136 et
965 1063 1124 1135 conducti
1150 1074 1328 1133 contractu
1345 1085 1449 1135 onera

174 1171 290 1240 omnia
315 1193 383 1241 non
404 1192 423 1240 a
440 1169 670 1264 conductore,
687 1169 747 1242 sed
763 1191 783 1240 a
799 1169 950 1240 locatorc
968 1170 1064 1240 iuxta
1081 1169 1165 1239 iuris
1186 1168 1381 1241 communis
1399 1169 1451 1238 in·

175 1275 298 1344 stituta
323 1274 472 1366 persolvi
497 1273 662 1357 debeant,
690 1272 769 1346 inde
794 1273 860 1366 ipsi
885 1273 1096 1366 arguebant,
1115 1295 1220 1344 onera
1239 1272 1354 1344 omnia
1380 1273 1451 1344 lilo-

174 1378 314 1450 lendino
327 1379 487 1471 imposita
506 1390 541 1449 ct
554 1378 761 1471 imponenda
773 1400 841 1449 non
858 1377 902 1448 ab
920 1377 1015 1470 ipsis,
1031 1389 1152 1470 utpote
1168 1377 1448 1460 conductoribus,

174 1483 237 1554 sed
260 1483 304 1554 ab
329 1484 502 1575 Episcopo
522 1495 699 1576 tamquam
719 1483 882 1565 locatore,
898 1483 1062 1575 pensitari
1075 1482 1212 1556 debere.
1228 1481 1348 1576 itaquo
1366 1481 1450 1552 illud

174 1587 241 1678 ipsi
267 1587 478 1670 voluissent,
505 1600 545 1658 ut
568 1589 679 1660 eidem
704 1589 876 1682 Episcopo
902 1611 969 1660 non
995 1602 1089 1660 ratae
1109 1587 1280 1660 commodi
1296 1587 1450 1680 persolu-

176 1693 239 1772 tio,
267 1691 327 1762 scd
354 1691 460 1763 totius
484 1693 584 1786 plane
608 1693 786 1785 vectigalis
803 1716 890 1765 onus
906 1693 1145 1787 perferendum
1170 1693 1446 1765 demandaretur.

248 1796 430 1888 itaquedic
446 1801 486 1867 tt
498 1798 643 1889 Augusti
656 1799 833 1890 proposito
845 1798 963 1869 dubio:
974 1799 1048 1868 «An
1061 1810 1097 1871 ct
1108 1799 1280 1891 quomodo
1293 1800 1452 1872 recedan-

185 1926 202 1966 r
219 1902 302 1972 dum
315 1901 362 1972 sit
374 1926 393 1973 a
406 1901 615 1974 resolutione
629 1915 729 1995 capta
746 1903 781 1971 in
798 1903 908 1994 primo
925 1903 1029 1974 dubio
1047 1901 1128 1992 (l).»

771 2045 862 2060 ——

175 2123 192 2148 ι
207 2100 356 2171 ρΙιγῐευεῐες
375 2109 494 2156 attamen
507 2101 557 2154 ista
569 2101 675 2156 etaliae
690 2097 792 2154 similes
842 2115 957 2169 quorum
970 2099 1101 2155 bonorum
1118 2100 1376 2158 administrationem
1390 2117 1449 2157 ser·

174 2202 193 2232 a
206 2183 422 2239 circumstantiae
434 2184 569 2239 inducunt
585 2183 693 2254 quidem
713 2198 791 2252 argu·
844 2200 888 2240 mo
907 2186 942 2240 sit
963 2185 1111 2254 coneipitur
1130 2185 1241 2240 dubium
1260 2193 1304 2242 Aa
1323 2187 1398 2240 locas
1415 2191 1452 2240 rit

179 2275 327 2322 amentum
344 2267 382 2322 rel
399 2269 642 2339 praesumptionem
661 2269 690 2322 in
707 2268 792 2323 ambi·
840 2271 994 2325 redditioni
1005 2275 1144 2324 rationum
1162 2274 1191 2324 in
1210 2287 1291 2336 casu,
1305 2271 1338 2325 de
1350 2287 1403 2340 quo
1415 2273 1452 2324 vi·

179 2371 194 2402 a
206 2367 354 2420 guo,secus
364 2361 453 2410 autern
465 2353 512 2409 ubi
525 2363 612 2424 partes
621 2361 692 2410 certe
704 2353 791 2408 iacere
841 2355 939 2410 delicet
949 2357 975 2408 in
985 2370 1026 2421 ea,
1034 2371 1102 2424 quae
1111 2353 1264 2416 discutitur,
1272 2355 1450 2408 controversia

181 2437 341 2493 eroiuerint
356 2446 523 2496 contractum
542 2439 790 2511 emphyteuticum,
842 2441 939 2510 agitur.
956 2441 1047 2509 ltaque
1058 2441 1079 2493 si
1092 2441 1181 2494 Patres
1199 2437 1383 2507 responderint
1396 2437 1451 2492 Ne-

181 2537 268 2576 ·eum
279 2523 306 2576 iu
319 2523 399 2578 claris
408 2531 435 2579 et
444 2524 573 2594 expressis
588 2531 693 2578 cessent
710 2537 791 2593 quaa-
840 2528 943 2596 patine,
956 2527 978 2579 is
990 2525 1067 2579 cuius
1084 2523 1212 2590 obligatio
1229 2522 1398 2590 expenditur,
1410 2537 1451 2574 ra·

181 2629 194 2655 ι
205 2610 305 2663 stiones
316 2616 344 2664 et
356 2617 526 2679 argumenta:
540 2608 607 2663 alias
616 2609 713 2662 etenim
722 2623 791 2662 nuu-
843 2613 942 2665 tionem
956 2608 1028 2664 baud
1043 2607 1154 2663 reddere
1162 2609 1246 2662 maeri
1257 2607 1387 2678 dicendus
1398 2615 1452 2670 est3

183 2715 194 2739 ι
206 2707 287 2762 quam
299 2691 357 2747 dari
371 2701 460 2762 posset
468 2693 649 2764 emphyteusis
661 2692 689 2746 iu
701 2692 792 2748 Eccle-
842 2710 873 2749 ae
885 2695 1012 2748 ricerersa
1027 2692 1060 2747 ad
1077 2707 1122 2748 eas
1132 2691 1280 2747 reddendas
1292 2691 1363 2762 adigi
1376 2705 1453 2745 eum·

179 2795 194 2826 a
205 2779 256 2842 sia,
270 2792 339 2847 quae
353 2777 465 2832 molosia
475 2776 583 2832 casibus
593 2775 627 2830 de
639 2776 738 2847 quibus
747 2792 792 2832 su·
842 2778 903 2833 dem
914 2786 1028 2842 coastat,
1040 2779 1062 2833 si
1072 2777 1153 2833 iidem
1165 2777 1254 2832 Patres
1262 2775 1453 2848 Affirnrarrve.

179 2884 194 2910 ι
205 2878 251 2932 pra
263 2863 333 2919 dier.
344 2869 359 2916 ⁵
369 2866 399 2916 et
410 2877 485 2931 seqq.
498 2861 630 2931 prohibita
649 2871 688 2917 est
706 2861 791 2917 iacere
843 2861 1029 2932 respondeant.
1040 2861 1244 2918 Haueeamdera
1253 2863 1383 2916 rationem
1390 2861 1452 2930 plus

179 2965 195 2997 a
207 2945 361 3002 huiusmodi
390 2948 576 3003 maressiooes
598 2945 699 3015 absque
720 2949 791 3002 iusta
844 2949 934 3004 minus
944 2949 971 3002 in
985 2947 1164 3018 proponendis
1177 2949 1291 3018 negotiis
1302 2955 1328 3002 et
1340 2949 1450 3002 consut-

178 3054 195 3080 ι
207 3031 337 3088 evidentis
348 3031 474 3088 utilitatis
484 3046 575 3095 causa,
587 3044 617 3084 ex
629 3029 751 3084 deductis
764 3029 791 3085 in
843 3033 990 3089 rationibus
1007 3031 1041 3087 ad
1059 3049 1087 3088 aa
1102 3033 1198 3087 delatis
1216 3033 1356 3088 imitantur
1369 3048 1399 3088 ac
1410 3049 1451 3087 se·

183 3132 257 3172 ·sua
278 3119 388 3173 materia
406 3116 578 3172 alienationis
601 3114 733 3170 bonorum
751 3130 793 3170 eo·
843 3127 963 3191 quuntur
981 3119 1077 3172 Sarrae
1102 3117 1196 3171 simae
1221 3116 1304 3172 Urbis
1320 3119 1451 3188 congreg.

179 3201 304 3258 eclesiae
321 3201 372 3257 sub
391 3207 433 3257 nt.
451 3202 487 3256 de
503 3201 596 3256 Allan.
610 3204 639 3254 ei
654 3203 790 3254 contrari.
895 3206 1023 3267 iamrem,
1043 3202 1150 3272 quaudo
1167 3205 1346 3258 controversia
1356 3203 1391 3258 ob
1405 3203 1453 3258 im·

185 3307 199 3334 ·
208 3286 321 3356 prodib-
332 3290 466 3348 Bhrens
478 3295 605 3357 strepa»
844 3296 978 3359 patratum
987 3302 1086 3352 norae,
1095 3301 1176 3356 quam
1189 3294 1284 3342 vocant
1293 3287 1454 3343 ceduallae

237 3377 272 3434 li)
297 3370 340 3425 Ab
359 3371 554 3442 antiquissimis
578 3369 743 3440 temporibus
764 3369 792 3424 iu
843 3374 1015 3438 beneficium,
1027 3373 1123 3426 iterum
1142 3371 1340 3442 disceptationi,
1354 3372 1453 3427 auditis

186 3468 257 3509 more
270 3454 384 3524 positum
397 3463 437 3510 est
448 3451 519 3523 apud
532 3454 643 3508 Sacrum
654 3455 793 3509 Romanae
844 3465 876 3514 ut
886 3465 963 3514 antea
983 3454 1113 3525 partibus,
1128 3457 1295 3524 proponitur,
1313 3453 1389 3510 dubii
1406 3471 1453 3512 scu

184 3540 269 3593 itotae
282 3538 460 3606 Tribuoal,ut
468 3539 709 3593 controversiarum
722 3536 793 3593 iudi·
844 3541 992 3612 rogationis
1012 3539 1128 3594 formula
1146 3539 1299 3595 adhibetur.
1317 3547 1363 3596 An
1379 3545 1454 3594 stan·

182 3620 306 3689 cialium,
316 3623 430 3694 quesibi
441 3623 468 3676 iu
480 3619 698 3691 disceptationem
709 3620 794 3677 dedu·
844 3627 910 3682 darn
920 3625 1328 3681 aeireredendumsitudeciris
1337 3629 1365 3678 in
1376 3640 1455 3692 caru:

182 3714 300 3775 cuntur,
313 3722 421 3763 summa
434 3705 467 3761 ad
477 3706 628 3774 minimam,
640 3709 662 3764 si
673 3709 710 3762 ita
719 3707 794 3776 loqui
846 3711 926 3783 idque
945 3709 1096 3780 significat,
1114 3725 1147 3764 aa
1167 3709 1317 3776 decisioni,
1338 3723 1407 3778 quae
1426 3712 1454 3763 in

183 3790 225 3846 tas
235 3799 285 3859 eet,
295 3793 490 3864 expressionem
504 3791 649 3863 redigatur,
659 3795 695 3848 lta
704 3799 734 3848 ut
745 3794 794 3846 Pa·
847 3795 1015 3867 praecedeuti
1044 3809 1139 3849 causae
1168 3796 1349 3865 propositione
1376 3802 1454 3862 capta

183 3883 241 3931 tres
259 3877 333 3934 iilius
349 3879 424 3933 Sacri
441 3875 568 3945 Ordinis,
579 3878 678 3948 quibus
696 3892 795 3934 munus
846 3882 917 3948 tuit,
935 3877 1061 3935 standum
1080 3879 1131 3947 sit,
1149 3885 1190 3935 ret
1209 3881 1298 3950 potius
1316 3879 1350 3935 ab
1368 3895 1399 3934 ea
1416 3896 1456 3934 re·

182 3967 226 4014 est
243 3959 311 4017 terre
328 3961 475 4027 iudicium,
493 3963 543 4018 sub
561 3962 678 4032 simplici
692 3977 723 4017 ao
738 3977 794 4032 per·
845 3965 1048 4020 cedendumio
1063 3963 1223 4034 primocasu
1241 3966 1330 4018 Patres
1348 3978 1456 4034 respou-

186 4042 257 4098 breri
280 4044 356 4102 dubii
374 4060 422 4100 seu
441 4048 606 4115 quaestionis
630 4046 744 4102 tornata
762 4045 796 4103 da
846 4049 1076 4116 deutindecr'sir,
1092 4056 1118 4104 et
1129 4049 1278 4115 sententia,
1295 4062 1365 4118 quae
1384 4050 1455 4104 edita

186 4135 241 4184 tota
258 4130 454 4186 conuorersiae
471 4131 495 4186 ri
514 4132 616 4200 rogati,
631 4146 677 4199 per
695 4145 795 4186 meram
848 4131 900 4188 iam
911 4132 1007 4198 fuerat,
1019 4131 1267 4188 coniirnrataiuisse
1280 4131 1455 4202 intelligitur:

186 4216 385 4284 responsionem
398 4213 589 4284 affirmative,
602 4223 649 4268 aut
661 4217 798 4286 Neratiae
848 4217 876 4273 iu
893 4216 1023 4282 secundo,
1042 4219 1132 4272 Patres
1143 4224 1258 4272 utuntur
1275 4231 1400 4287 responso
1409 4225 1458 4274 ite·

185 4302 346 4356 senteutiam
359 4315 436 4356 suam
451 4299 547 4367 edant,
557 4315 588 4354 ae
599 4315 707 4355 omnem
720 4299 795 4353 litem
846 4303 997 4359 cedendum
1010 4303 1150 4371 aderitis,
1162 4317 1215 4373 quo
1229 4305 1362 4359 sententia
1381 4319 1459 4360 rero·

184 4383 315 4440 deliniant
331 4401 363 4442 ae
381 4382 522 4455 perimant.
541 4385 584 4438 Sic
603 4397 645 4438 ex.
664 4401 705 4455 gr.
720 4384 742 4439 si
762 4381 796 4439 de
846 4395 933 4450 eatur,
944 4387 1025 4457 etqui
1036 4388 1216 4443 succubuerat
1227 4389 1320 4458 victor,
1333 4389 1378 4461 qui
1392 4391 1460 4444 ricc·

181 4469 349 4540 obligatione
366 4467 516 4526 reddendae
535 4469 646 4523 rationis
660 4470 731 4526 circa
744 4469 794 4524 aii·
847 4479 888 4526 rat
900 4469 1079 4526 succumbens
1090 4487 1104 4527 e
1115 4479 1207 4527 contra
1226 4471 1353 4528 citicitur.
1366 4473 1393 4528 Si
1409 4479 1461 4527 ter·
