3248 5004
194 423 238 489 ot
734 438 881 489 ιιιιιιυιι
900 438 933 484 ιι.

192 544 443 609 aurelianense
453 544 592 624 exemplo
603 542 732 624 puellam
742 545 800 606 do·
916 542 1007 604 iiisce
1020 539 1164 603 omuibus
1176 546 1318 602 accurate
1333 556 1469 621 perpen-

192 645 265 709 iosis
279 633 546 714 sollicitationibus
556 649 640 725 prius
651 645 799 720 allectam,
852 645 911 720 sis,
933 650 964 705 et
985 649 1103 705 attento
1121 642 1245 704 decreto
1260 642 1386 704 concilii
1398 643 1467 704 Tri·

191 748 303 813 deinde
327 766 398 811 vero
419 748 542 810 structis
557 748 649 810 veluti
663 747 801 827 retibus,
852 745 968 808 declini
981 764 1049 807 serr.
1067 747 1106 808 ιι
1121 763 1148 806 c.
1161 746 1180 806 ii
1193 745 1230 804 de
1241 743 1361 821 reform.
1375 753 1463 805 matr.

190 850 352 929 inopinato
377 868 394 911 e
419 855 555 911 materna
578 849 672 912 domo
698 849 799 912 abdu·
853 864 914 908 non
930 851 975 909 est
994 846 1122 908 dicenda
1144 848 1243 908 saltem
1267 853 1333 908 tuta
1357 864 1463 909 eorum

190 958 292 1031 ctam,
318 968 381 1031 quo
405 951 507 1013 hostili
529 951 624 1028 lucto,
641 952 801 1013 matrimo·
851 950 1000 1011 sententia
1016 949 1070 1027 qul
1086 947 1199 1013 docent
1219 947 1359 1010 suiliccre
1373 950 1463 1010 solam

190 1055 274 1114 nium
307 1054 400 1115 veluti
434 1056 632 1115 necessarium
664 1052 798 1115 devenit.
851 1051 1314 1131 iniuriompareutibuspuellae
1332 1049 1463 1128 illatam,

190 1152 282 1230 Quod
303 1155 417 1217 lactum
445 1155 676 1217 similitudinem
708 1154 801 1216 habet
851 1157 886 1214 ut
908 1149 1015 1214 mulier
1037 1136 1156 1214 dicatur
1177 1157 1273 1231 rapta.

189 1273 258 1317 cum
275 1275 312 1317 eo
329 1254 415 1337 qnod
437 1275 529 1336 supra
553 1259 747 1336 exposuimus
767 1258 799 1319 in
915 1254 1030 1334 Raptus
1051 1255 1132 1315 enim
1147 1252 1400 1332 impedimentum
1416 1253 1461 1313 io·

189 1374 278 1419 causa
291 1361 478 1435 Matrimonii,
497 1359 526 1420 in
541 1375 602 1438 qua
620 1359 719 1438 puella
731 1377 796 1420 mn·
850 1356 976 1418 ductum
988 1355 1025 1416 ab
1038 1355 1169 1417 Ecclesia
1185 1373 1247 1416 uon
1260 1361 1306 1416 est
1320 1354 1358 1416 ιιι
1370 1372 1466 1415 coar-

189 1459 371 1522 chinatiouis
387 1461 532 1539 ignarain
545 1478 652 1522 manus
667 1461 735 1537 viri,
752 1479 800 1523 ra·
849 1457 989 1521 claudam
1013 1457 1128 1536 puellae
1149 1457 1320 1520 libertatern
1341 1459 1371 1518 in
1395 1476 1468 1518 ma·

189 1563 289 1640 pinam
310 1561 485 1623 meditantis
507 1562 685 1637 devenerat,
702 1580 799 1643 eaque
849 1561 1039 1634 trinaouium,
1065 1559 1119 1621 sed
1141 1561 1202 1621 imo
1225 1559 1263 1622 ad
1289 1561 1463 1623 libertatem

188 1661 246 1724 sub
267 1663 324 1724 siri
356 1669 506 1742 potestate
536 1662 652 1726 dolosis
681 1664 799 1726 artibus
849 1663 1035 1724 matrimonii
1053 1668 1185 1738 sartam,
1203 1667 1376 1742 tectamque
1392 1680 1466 1723 ser·

188 1770 303 1824 retenta
332 1762 432 1826 fuerat
465 1770 499 1825 ut
534 1764 730 1827 induceretur
758 1764 797 1828 ad
848 1762 1461 1842 vaudam3mulierenimquaeveivi‚rat

189 1867 413 1926 matrimonium
434 1865 689 1928 contrabendum.
849 1864 924 1928 doio
947 1865 977 1926 in
1003 1869 1183 1943 potestatem
1206 1863 1387 1926 abducentis
1401 1864 1461 1926 de·

253 1969 294 2028 Ex
308 1967 420 2047 quibus
436 1967 579 2028 omuibus
596 1968 718 2030 videtur
730 1966 797 2029 col·
848 1965 1374 2044 seuit,cogituradcontrahendum
1388 1985 1464 2028 cuns

186 2066 240 2147 ligi
256 2085 363 2150 posse:
382 2069 409 2130 l.
427 2077 548 2148 raptum
566 2070 618 2148 qui
635 2069 725 2131 cadat
739 2067 797 2130 sub
847 2069 900 2131 tali
924 2067 1121 2142 abducente,
1142 2074 1171 2129 et
1196 2068 1265 2128 ideo
1288 2075 1461 2130 coarctatur

187 2169 311 2232 decreto
323 2170 448 2232 concilii
465 2188 525 2232 non
542 2170 658 2248 haberi,
671 2171 796 2250 quando
850 2168 1112 2250 pueliaclibertas.
1125 2169 1255 2230 Ecclesia
1267 2179 1368 2231 autem
1379 2188 1462 2249 quae

187 2272 376 2351 praecedunt
383 2280 503 2352 raptum
512 2272 727 2335 concludentes
735 2279 793 2334 tra·
847 2273 998 2335 libertatis
1012 2273 1192 2334 matrimonii
1211 2271 1318 2333 sindon
1333 2277 1390 2347 est,
1403 2272 1462 2334 ab·

187 2372 337 2436 clatusde
351 2375 547 2436 matrimonio
561 2374 707 2436 ineundo.
728 2375 796 2437 Hoc
847 2375 956 2437 horret
974 2375 1099 2435 omnino
1122 2392 1138 2435 a
1162 2375 1362 2435 matrimoniis
1398 2373 1464 2436 hoc

186 2475 267 2536 enim
280 2492 350 2536 casu
364 2474 410 2535 air
421 2475 467 2536 ius
478 2474 570 2536 habet
585 2474 623 2536 ad
640 2475 794 2538 mulierem
847 2477 952 2540 hostili
963 2476 1058 2538 modo
1070 2479 1245 2538 contractis:
1260 2483 1290 2538 et
1304 2476 1372 2536 ideo
1384 2475 1461 2536 red·

185 2574 244 2635 sihi
262 2574 502 2654 desponsandam
516 2581 547 2637 et
559 2577 666 2638 mulier
675 2583 797 2640 tenetur
848 2579 924 2642 deus
948 2577 1080 2657 pueliam
1095 2577 1260 2640 inhabilem
1278 2576 1314 2639 ad
1333 2583 1462 2638 contra·

186 2676 380 2738 matrimonio
397 2678 583 2739 consentire.
846 2679 981 2742 bendum
1003 2696 1072 2740 cum
1090 2686 1224 2758 raptore,
1241 2679 1340 2741 donec
1356 2684 1461 2739 manet

251 2775 292 2838 11.
317 2777 422 2857 Neque
441 2776 525 2839 huuc
547 2785 669 2858 raptum
690 2777 795 2841 verili-
845 2783 878 2842 iu
901 2778 1038 2842 eiusdem
1057 2781 1189 2862 raptoris
1205 2785 1375 2858 potestate,
1388 2781 1457 2839 cxi·

183 2877 263 2954 cari,
278 2877 304 2939 si
324 2879 370 2939 ιιι
390 2879 454 2940 sine
477 2877 568 2958 dolo,
586 2880 742 2943 mulierem
758 2899 794 2943 ex
846 2885 911 2962 git,
929 2900 986 2942 non
1001 2883 1115 2959 midam
1124 2890 1280 2960 parentam
1296 2899 1461 2940 ammarum

183 2978 328 3042 condicto
351 2979 495 3057 abducat,
510 2999 545 3042 ex
565 2998 602 3043 eo
624 2981 708 3062 quod
731 2989 794 3046 tra·
845 2989 1055 3063 utraptacum
1067 2989 1191 3063 raptore
1204 2984 1261 3044 rite
1274 2980 1461 3043 contrahere

183 3086 281 3143 status
301 3080 341 3143 de
362 3082 559 3144 matrimonio
576 3101 611 3144 ex
634 3093 790 3163 parentum
845 3085 953 3165 possit,
971 3083 1024 3146 aed
1038 3085 1131 3164 exigit
1145 3082 1342 3147 solummodo
1367 3084 1460 3163 puol-

182 3182 379 3262 oppositione
388 3201 449 3246 nou
460 3185 619 3265 potuerint
636 3185 789 3250 concludi.
844 3184 892 3248 lae
919 3185 1115 3266 libertatem,
1139 3204 1231 3267 quam
1253 3183 1425 3248 libertatem

247 3285 304 3346 ill.
328 3285 435 3365 Neque
450 3285 598 3349 verificari
618 3295 750 3369 raptum,
767 3292 792 3350 si
844 3289 996 3368 sapienter
1009 3289 1178 3351 concilium
1214 3286 1333 3367 puellae
1350 3287 1458 3350 reddi·

183 3403 246 3448 nou
269 3388 334 3465 ιιι,
352 3386 406 3449 sed
430 3387 538 3450 mulier
560 3391 657 3450 virum
680 3389 793 3452 sollici·
844 3396 906 3452 ιιιιι
932 3406 994 3451 nou
1021 3392 1158 3468 censuit,
1183 3390 1239 3450 uisi
1262 3408 1279 3451 a
1302 3396 1457 3470 potestate

183 3489 315 3564 tavent,
341 3495 376 3550 ut
396 3489 434 3550 ab
456 3506 494 3551 eo
516 3489 732 3554 abduceretur.
756 3491 792 3553 lu
844 3493 976 3571 raptoris
997 3498 1136 3572 separata
1157 3491 1188 3552 ιιι
1211 3490 1281 3552 loco
1302 3498 1396 3567 tuto,
1419 3507 1455 3552 ac

183 3589 231 3650 his
247 3587 370 3652 duobus
386 3590 522 3669 essibus,
535 3591 660 3654 dicenda
673 3600 717 3654 est
734 3609 792 3673 po·
840 3590 940 3660 libero
954 3594 1120 3655 constituta
1133 3590 1238 3654 luerit.

181 3690 244 3751 tius
265 3689 338 3769 luga
361 3691 494 3753 mulieris
516 3693 683 3770 cumcito,
701 3700 736 3754 ut
750 3692 791 3754 li·
908 3695 1036 3770 Quodsi
1053 3694 1216 3755 obiiciatur
1232 3711 1269 3756 eo
1284 3696 1354 3775 ipso
1368 3691 1453 3772 quod

177 3787 284 3853 basius
317 3793 544 3855 matrimonium
579 3793 790 3875 contrahant,
844 3789 951 3858 mulier
977 3799 1079 3876 raptui
1107 3797 1298 3872 consentiat,
1332 3794 1455 3856 videtur

178 3908 273 3972 quum
297 3899 412 3974 raptus.
842 3899 874 3960 ιιι
902 3897 1129 3960 matrimonium
1156 3900 1352 3970 consentire,
1381 3897 1453 3975 quia

243 3995 298 4057 lv.
324 3996 348 4055 E
370 4002 477 4058 contra
500 4003 620 4076 raptum
642 3995 791 4062 teriiicari
842 4002 943 4079 raptui
967 4001 1119 4061 consentit
1140 4007 1270 4080 propter
1292 4002 1456 4060 matrimo-

177 4094 329 4158 simulier
351 4095 468 4159 insidiis
490 4105 520 4159 et
542 4097 658 4160 dolosis
673 4098 788 4161 sollici·
842 4103 936 4178 nium,
955 4107 986 4162 et
1001 4099 1071 4162 ideo
1093 4103 1209 4166 seclusa
1231 4107 1391 4181 pareutum
1407 4103 1455 4162 iu·

177 4196 346 4258 tatiouihus
366 4196 541 4260 meditantis
563 4200 697 4278 rapinam
733 4199 790 4262 ab·
840 4202 934 4280 iuria,
951 4219 1105 4282 nunquam
1128 4203 1275 4264 rationem
1299 4209 1401 4281 raptus
1414 4203 1454 4262 de

175 4297 328 4373 ducatur,
357 4304 391 4361 ut
420 4299 531 4362 deinde
563 4299 623 4363 sub
655 4304 791 4381 raptoris
841 4321 904 4384 quo
916 4303 1034 4382 agimus
1061 4307 1090 4365 in
1106 4303 1232 4366 muliere
1246 4307 1458 4364 consentiente

175 4399 295 4462 intiunu
317 4400 346 4462 iu
368 4403 594 4466 matrimonium
616 4407 788 4466 consentire
840 4405 1008 4480 veriiicari3
1026 4406 1261 4485 respondemus:
1286 4405 1457 4466 resolutio·

174 4509 316 4580 cogatur.
840 4502 906 4568 siem
929 4507 1019 4568 huius
1036 4509 1222 4588 quaestionis
1236 4523 1271 4569 es
1288 4504 1457 4568 individuis
