3248 5004
198 323 217 386 ⁶
738 355 920 402 raocnauaa

198 444 441 534 oculatiores,
473 476 515 525 ex
547 456 650 528 variis
682 457 756 529 Ec.
783 458 1018 530 Cardinalrum
1042 458 1156 530 Sacris
1180 455 1460 550 Congregationi-

198 564 315 649 sous,
337 568 379 637 ad
406 571 631 645 ecclesiastici
656 576 742 646 iuris
765 589 962 650 accuratam
993 576 1258 668 intelligentiam
1286 588 1323 647 et
1345 574 1463 646 obser·-

197 707 215 750 s
234 686 383 756 vantiam
400 688 637 775 conserentes,
656 694 691 762 in
714 695 957 789 compendium
976 695 1133 788 diligenti
1150 693 1266 765 studio
1282 692 1460 765 redactam

197 825 214 870 a
234 801 300 872 alia
315 804 462 897 denique
478 807 635 892 iuridica‚
654 811 781 903 quihus
797 826 992 905 opportune
1009 813 1227 883 illustrantur
1241 832 1331 902 quae
1351 810 1386 879 in
1404 832 1464 881 ex·

198 945 214 986 n
233 922 355 1014 positis
371 926 458 995 actis
474 926 527 997 vel
540 927 779 1002 difficultatem
795 952 917 1023 parcre
932 931 1079 1022 possint,
1093 928 1147 1001 vel
1159 928 1201 1001 od
1216 929 1364 1021 vigentis
1380 928 1464 998 iuris

198 1043 395 1114 »notitiam
427 1046 575 1116 ulterius
607 1048 821 1119 conducant:
847 1048 891 1119 in
922 1049 1176 1119 utilitatem
1206 1068 1357 1120 eorum
1386 1046 1462 1138 qui

198 1161 278 1231 »in
314 1161 550 1235 Ecclesiae
586 1162 766 1258 legibus
802 1165 1008 1237 studiose
1042 1165 1387 1259 dignoscendis,
1419 1177 1464 1235 et

198 1280 284 1350 »in
326 1282 548 1373 regimine
586 1283 833 1354 christiani
872 1285 1052 1376 gregis,
1087 1283 1158 1355 vel
1194 1285 1237 1352 in
1273 1280 1463 1354 colenda

197 1400 412 1471 »Domini
443 1401 574 1472 vinea
607 1401 766 1473 scdulo
796 1401 1118 1474 adlaborant.n

265 1518 383 1611 Neque
408 1520 567 1592 volumus
592 1520 731 1592 silentio
756 1522 957 1613 praeterire,
975 1545 1019 1591 ne
1035 1521 1114 1613 quis
1132 1521 1165 1589 in
1187 1540 1340 1592 errorem
1363 1518 1463 1589 indu-

193 1652 316 1721 catur,
342 1638 408 1710 hoc
431 1639 682 1732 qualecumque
706 1662 794 1732 opus
818 1639 912 1711 nulla
935 1639 1074 1732 publica
1105 1639 1313 1710 auctoritate
1337 1637 1463 1708 fulciri.

193 1756 360 1843 Quamvis
392 1759 486 1828 enim
516 1769 593 1828 acta
616 1780 705 1850 quae
729 1758 943 1842 referentur,
969 1781 1013 1830 cx
1037 1780 1113 1830 sese
1137 1756 1381 1827 auctoritatem
1406 1756 1467 1825 ho-

193 1875 298 1946 beant
310 1875 338 1945 si
351 1876 576 1968 originalibus
588 1877 659 1947 sint
671 1876 861 1947 conformia
876 1879 940 1966 (l),
955 1890 991 1948 et
1002 1875 1160 1969 quamvis
1177 1874 1333 1966 diligenti
1350 1875 1466 1944 studio

192 1995 493 2077 commisimus,
512 2018 552 2066 ea
571 1996 623 2066 vel
641 1995 868 2078 concinnare,
887 1995 940 2067 vel
959 2019 1001 2068 ex
1018 1995 1153 2094 integro
1184 1994 1333 2074 referre,
1360 2006 1465 2086 prout

193 2133 314 2182 eorum
339 2112 427 2184 leret
451 2124 595 2184 natura:
618 2125 731 2184 tamen
758 2113 793 2184 in
817 2115 882 2185 hoc
906 2137 1010 2205 opere
1036 2112 1165 2194 relata,
1184 2134 1252 2182 non
1271 2111 1373 2182 aliam
1399 2112 1465 2181 sibi

194 2243 359 2325 poterunt
389 2231 494 2302 fidem
525 2233 838 2323 auctoritatemque
869 2232 1061 2314 vindicare,
1097 2244 1234 2323 praeter
1265 2253 1341 2303 eam
1377 2252 1467 2321 quae

195 2350 300 2420 tribui
325 2350 414 2421 solet
445 2350 592 2432 iisdem,
619 2372 700 2420 cum
724 2350 758 2418 in
785 2349 928 2444 privatis
961 2360 1139 2422 auctorum
1173 2347 1336 2439 operibus
1368 2369 1467 2439 repe·

196 2471 345 2539 ciuntur.

263 2691 300 2752 (t)
315 2689 355 2741 Dc
372 2686 529 2741 auctoritate
546 2700 599 2754 qua
617 2684 737 2755 gaudent
757 2691 816 2739 acta
841 2684 887 2740 SS.
906 2681 1151 2752 congregationum
1170 2694 1220 2734 suo
1241 2678 1302 2734 loco
1324 2677 1467 2736 habbitu!

195 2772 364 2838 disceptatio.
