3282 5008
211 400 255 467 98
474 423 735 472 conatedtttottts
752 423 796 472 SS·
819 423 972 471 uentura.
993 423 1087 470 SUPER
1106 418 1217 467 tarxtt..

213 523 581 598 »adrninrstmtionem
605 530 795 621 pertinent,
823 541 899 599 tum
924 526 1060 600 casibus
1085 527 1119 598 in
1144 523 1270 616 quibus
1302 519 1485 614 Episcopis

213 644 352 725 satque
377 631 566 704 Ordinariis
591 635 665 707 iure
690 635 845 730 delegato
870 637 1039 728 competit
1055 632 1246 704 iurisdictio
1276 629 1317 699 ad
1335 627 1484 700 sormam

213 738 308 808 nSS.
339 736 519 810 Canorrum
549 738 693 812 Concilii
726 741 920 815 Tridentini
945 755 981 815 et
1005 740 1302 812 Constitutionum
1336 739 1485 828 Aposto-

212 845 414 929 nlicarum,
443 857 548 940 atque
573 849 621 920 ita
645 849 818 923 Sanctitas
842 853 910 922 Sua
936 851 970 921 in
996 861 1202 942 perpetuum
1227 842 1353 916 servari
1378 853 1486 932 atque

212 955 372 1047 »exequi
397 956 609 1028 mandavit.»

533 1100 573 1170 F.
593 1101 637 1172 tt.
657 1101 759 1174 Card.
778 1101 826 1172 lla
852 1102 973 1172 Roneis
998 1101 1209 1173 Praefectus.

845 1272 879 1328 ii.
897 1272 930 1324 li.
950 1271 1075 1341 Arclriep.
1095 1271 1221 1325 Pernen.
1240 1266 1412 1323 secretarius.

754 1415 941 1433 ——

302 1482 353 1554 Ex
382 1506 421 1552 ns
446 1505 610 1554 cortices:

278 1591 303 1660 l.
332 1589 477 1664 Ordines
499 1590 671 1682 regulares
687 1592 835 1685 gaudere
860 1591 960 1685 plena
985 1588 1207 1681 exemptione
1232 1587 1274 1658 ab
1296 1582 1482 1680 episcopali

207 1693 443 1765 iurisdictione
468 1694 510 1764 ad
538 1717 693 1766 normam
719 1697 803 1767 iuris
826 1708 862 1768 et
886 1695 1140 1789 pontificiarum
1164 1691 1484 1772 Constitutionum;

207 1801 289 1869 dum
308 1813 464 1870 econtra
491 1801 652 1872 instituta
678 1802 834 1894 religiosa
856 1827 934 1874 cum
957 1803 1045 1874 votis
1070 1798 1286 1892 simplicibus
1307 1822 1381 1870 carn
1408 1811 1485 1867 tan·

208 1921 282 1974 tum
309 1905 565 1999 exemptionem
590 1909 656 1978 sibi
681 1909 854 1983 vindicare
879 1923 1041 2005 possunt,
1067 1928 1169 2000 quam
1196 1905 1261 1976 sibi
1287 1903 1485 1998 specialiter

207 2035 406 2084 concessam
432 2013 682 2087 demonstrent.

281 2116 319 2185 ΙΙ.
349 2115 421 2186 Non
448 2117 606 2190 sufficere
631 2121 784 2193 adhunc
810 2121 946 2214 plenam
970 2119 1226 2212 exemptionem
1243 2119 1484 2189 demonstran-

207 2225 285 2294 dam
321 2222 468 2315 allegare
483 2232 672 2317 9enericom
688 2229 1022 2297 communicationem
1038 2248 1116 2298 cum
1135 2225 1323 2318 privilegiis
1339 2224 1486 2294 alicuius

208 2329 347 2400 Ordinis
364 2331 413 2399 sic
430 2331 583 2423 exempti
607 2355 827 2418 concessam3
846 2335 903 2405 sed
924 2334 1152 2406 demonstrari
1176 2354 1314 2423 quoque
1338 2330 1484 2409 debere,

210 2437 405 2507 Rornanum
431 2437 634 2510 Pontificem
661 2441 850 2511 intendisse
875 2442 963 2512 hanc
988 2440 1174 2513 extendere
1199 2437 1485 2509 communicatio-

210 2565 288 2614 ncm
321 2546 424 2614 etiam
451 2545 492 2614 ad
517 2547 673 2618 odiosum
698 2548 761 2618 boc
787 2549 1018 2640 exemptionis
1041 2546 1272 2643 privilegium.

281 2648 336 2717 ΙΙΙ.
368 2649 460 2718 luter
489 2653 581 2721 varia
613 2652 773 2723 instituta
809 2654 966 2745 religiosa
1003 2676 1081 2724 curn
1116 2653 1206 2722 votis
1238 2647 1484 2742 simplicibus,

208 2777 310 2846 qaino,
326 2777 369 2824 ex
384 2755 523 2847 speciali
541 2756 575 2826 S.
597 2760 694 2830 Sedis
712 2760 841 2850 pratia,
869 2760 1018 2850 garutlcat
1043 2756 1239 2829 omnimoda
1264 2756 1485 2848 exemptione

208 2861 252 2930 ab
278 2860 470 2953 Episcopali
497 2862 753 2947 iurisdictione,
780 2865 976 2936 visitatione
1001 2876 1036 2936 et
1060 2865 1292 2944 correctione,
1327 2864 1485 2955 exceptis

207 2968 345 3038 cassibus
377 2968 451 3040 inre
480 2970 717 3061 excipiendis,
752 2974 931 3068 speciatim
968 2973 1138 3043 recenseri
1174 2970 1483 3061 Congregationcm

208 3074 274 3145 PP.
296 3074 582 3147 Excalceatorum
599 3078 725 3152 SSrirae
742 3081 863 3153 Crucis
880 3093 914 3153 et
931 3078 1104 3149 Passionis
1120 3079 1162 3149 ll.
1179 3077 1219 3147 N.
1236 3073 1262 3144 l.
1277 3073 1334 3155 C.,
1349 3097 1485 3146 necnon

207 3183 519 3276 Congregationem
544 3186 641 3256 ssmt
668 3189 910 3282 Redcnrpteris
934 3212 952 3258 a
977 3185 1013 3255 S.
1031 3185 1209 3278 Alphonso
1233 3182 1337 3254 Maria
1361 3181 1404 3251 de
1428 3180 1486 3251 Li-

207 3290 305 3382 [rorio
330 3290 508 3400 fundatam
529 3292 591 3380 (i).

256 3463 292 3521 (t)
317 3459 374 3511 Non
400 3468 469 3513 reete
496 3461 556 3529 orris
583 3471 817 3529 argutnentaretur
871 3463 957 3517 banda
983 3463 1018 3518 sit
1038 3459 1188 3528 exemptio:
1212 3457 1284 3530 quod
1307 3462 1348 3511 est
1371 3453 1482 3509 laisum.

205 3551 296 3597 eontra
316 3545 509 3611 exemptionem
522 3545 618 3615 deque
633 3553 723 3600 aetum
736 3555 776 3601 est
788 3547 814 3600 ia
872 3549 977 3601 Etenim
996 3543 1127 3614 exemptio
1145 3552 1237 3612 utpote
1260 3543 1355 3596 laesira
1381 3539 1485 3592 iurium

205 3643 297 3692 causa,
308 3627 357 3680 ltoc
370 3637 446 3694 tracto
459 3645 465 3681 :
485 3631 639 3698 Superiores
648 3630 763 3685 alicuius
779 3647 819 3685 re·
871 3633 1062 3700 episcopalium
1075 3629 1175 3684 dicitur
1186 3627 1292 3692 odiosa,
1305 3625 1417 3693 ideoque
1429 3623 1484 3676 eln-

207 3712 483 3777 tipiosttnsttturtnan
497 3713 816 3769 trabeationisdictionem
871 3718 984 3770 rissimis
1009 3715 1175 3780 argumentis
1198 3721 1238 3766 est
1260 3706 1480 3765 demonstranda.

205 3796 334 3849 canonice
347 3794 488 3859 visitandi,
499 3805 526 3850 et
539 3797 676 3866 infligendi
690 3813 818 3853 censuras
871 3808 905 3855 At
916 3800 1096 3854 demonstrata
1111 3800 1161 3852 bac
1173 3798 1359 3865 exemptione,
1374 3809 1426 3848 non
1441 3801 1484 3846 est

205 3880 232 3932 in
245 3879 376 3943 subditos
391 3879 452 3948 qula
466 3883 576 3950 (torsau)
591 3898 644 3935 non
658 3881 757 3936 lrabeat
771 3883 819 3936 ali·
870 3883 959 3939 odiosa
976 3883 1125 3938 iurisdictio
1135 3882 1168 3936 de
1180 3895 1232 3950 qua
1245 3881 1363 3946 apiatas.
1375 3879 1484 3931 Etenim

205 3963 276 4032 qrtotl
297 3963 488 4018 documentum
508 3979 561 4034 qno
582 3968 646 4020 iraec
667 3965 816 4020 iurisdictio
869 3968 979 4023 cuilibet
996 3967 1065 4022 bene
1082 3966 1223 4022 ordinatae
1244 3961 1364 4018 societati
1384 3977 1483 4031 suppe-

206 4050 317 4115 positive
336 4048 443 4103 dicatur
461 4065 511 4103 suo
531 4050 656 4106 instituto
674 4067 814 4106 concessa:
869 4063 923 4107 tere
938 4051 1035 4106 debent
1053 4061 1202 4120 opportuna
1222 4047 1309 4103 media
1329 4045 1483 4116 quibusso·

204 4148 268 4201 ergo
287 4149 340 4187 noo
361 4143 400 4188 est
413 4134 447 4188 ab
465 4136 614 4203 Episcopaii
633 4136 816 4191 iurisdictione
868 4139 949 4193 eletas
968 4145 1083 4206 regatur.
1103 4139 1173 4206 Ergo
1192 4151 1223 4190 eo
1242 4137 1299 4203 ipso
1317 4146 1372 4201 quo
1390 4132 1483 4201 aliqua

208 4218 364 4271 tnstttnmm
379 4227 541 4288 exemptum.
556 4219 671 4275 Fnllaria
685 4221 765 4276 huius
777 4237 817 4275 or·
867 4223 980 4276 societas
998 4219 1176 4276 ecelesiastica
1196 4217 1365 4274 subtrabitur
1380 4216 1414 4270 ab
1427 4217 1483 4284 epi·

206 4302 327 4368 ptrrrtenti
340 4303 365 4354 io
377 4318 408 4356 eo
418 4307 558 4373 praecipue
568 4305 816 4376 consisteret,qu0d
867 4305 967 4374 scopuli
987 4304 1189 4374 iurisdictione,
1204 4309 1329 4359 censetur
1340 4301 1427 4356 eidem
1444 4303 1484 4354 iu·

205 4385 386 4452 supponitur,
414 4387 507 4444 eodem
537 4392 624 4458 rigore
652 4390 815 4459 probandam
869 4391 990 4447 risdictio
1002 4405 1209 4461 concessaqua,
1223 4386 1437 4456 independenter
1449 4386 1484 4441 ab

202 4483 267 4522 esse
284 4466 498 4525 iurisdictionem
518 4489 688 4540 concessam,
707 4491 738 4530 ac
755 4490 816 4546 pro·
868 4475 1025 4547 Episcopis,
1044 4477 1099 4546 regi
1119 4475 1211 4546 possit.
1231 4472 1345 4546 Quodsi
1360 4471 1394 4527 ad
1413 4473 1484 4528 banc
