3282 5008
192 419 259 490 118
498 439 800 490 oscr.coscnee.s.
816 435 1160 489 srssorcrrraoratu.

185 547 337 640 scriptae
361 571 424 640 pro
447 546 602 642 qualibet
627 545 843 640 indulgentia
868 546 1051 632 lucranda3
1069 547 1097 618 si
1122 570 1184 642 pro
1208 548 1363 642 qualibet
1388 550 1467 622 visi·

187 652 274 724 tatio
299 652 510 746 praescripta
545 652 616 735 sit,
651 664 703 724 tot
734 665 837 723 erunt
869 651 1076 745 repetendae
1106 653 1344 738 visitationes,
1378 669 1466 748 quot

184 773 270 830 sunt
287 757 524 852 Indulgentiae
540 757 818 831 lucrifaciendae.
837 759 997 832 visitatio
1014 760 1107 832 enim
1124 773 1178 832 est
1194 761 1359 843 conditio,
1375 785 1466 854 quae

184 863 308 936 eodem
332 864 389 938 die
413 864 530 937 iterari
555 878 683 958 potest.
710 863 809 950 Quod
835 865 863 934 si
884 864 986 936 Sacra
1011 863 1239 961 Congregatio
1256 867 1299 937 ad
1320 867 1463 938 dubium

186 969 404 1062 propositum
428 968 484 1041 die
508 973 552 1040 19
578 967 696 1042 Martii
722 971 824 1051 1811,
847 991 922 1040 ran
947 971 1070 1042 eodem
1095 971 1150 1042 die
1175 971 1303 1041 lucrari
1332 972 1465 1064 possint

189 1101 206 1142 s
225 1073 343 1169 plures
356 1073 593 1168 indulgentiae
605 1073 792 1169 plenariae,
806 1074 944 1166 quando
960 1097 1023 1166 pro
1035 1097 1240 1167 unaquaque
1255 1075 1465 1169 praescripta

188 1193 280 1255 sest
304 1182 482 1276 perceptio
502 1181 541 1255 S.
565 1181 834 1254 Eucharistiae»
862 1181 1079 1274 responderit
1104 1181 1303 1274 affirmative
1326 1183 1466 1254 servetis

185 1303 300 1359 temen
324 1289 506 1384 respective
522 1286 601 1360 cliia
617 1289 776 1384 oppositis
800 1285 1044 1363 conditionibus
1053 1312 1068 1369 ;
1087 1287 1163 1360 ideo
1179 1289 1332 1383 receptio
1348 1287 1382 1360 S.
1398 1289 1467 1361 Eu·

183 1394 371 1468 charistiae
388 1417 453 1489 pro
468 1395 613 1489 singulis
635 1396 856 1468 distributive
881 1394 1038 1468 sufficere
1062 1397 1210 1478 censuit,
1229 1398 1310 1490 quia
1328 1409 1466 1470 nonest

184 1501 309 1574 eodem
334 1501 390 1574 die
414 1523 502 1594 opus
526 1501 696 1574 iterabile.
725 1501 859 1575 Debent
885 1513 1000 1573 tamen
1026 1501 1155 1575 serrari
1180 1502 1265 1574 aliae
1290 1503 1467 1595 appositae

186 1621 225 1681 et
249 1606 464 1701 respectivae
487 1608 715 1682 conditiones.

259 1711 372 1801 Quoto
397 1737 536 1786 resnou
563 1738 691 1786 oosros.
708 1755 751 1768 -
768 1713 1027 1788 obsecrabatur
1049 1717 1139 1789 circa
1159 1716 1298 1789 tertium
1323 1715 1466 1787 dubium

187 1842 258 1893 non
283 1842 384 1913 posse
408 1819 623 1915 aequiparari
648 1819 872 1893 visitationes
898 1821 1092 1906 Ecclesiae,
1119 1835 1156 1895 et
1179 1822 1345 1913 repetitas
1363 1823 1397 1890 in
1415 1845 1469 1894 ee-

187 1925 295 1999 clesia
319 1947 441 2019 preces
465 1923 611 2018 singulis
636 1924 891 1996 visitationibus
914 1927 1175 2020 respondentes.
1195 1925 1333 1997 Etenim
1352 1947 1469 2018 quam-

189 2037 243 2104 vis
267 2034 332 2104 sub
355 2032 495 2106 nomine
519 2032 728 2104 visitationis
752 2033 1089 2126 comprehendantur
1111 2055 1245 2126 preces,
1265 2057 1332 2104 non
1352 2045 1467 2104 tamen

189 2141 285 2212 solae
309 2162 431 2234 preces
460 2139 719 2233 significantur,
746 2139 806 2212 sed
835 2140 966 2212 directe
996 2140 1210 2233 significatur
1243 2161 1402 2211 accessus
1427 2139 1469 2209 ad

188 2247 384 2322 ecclesiam.
405 2249 452 2318 Et
475 2247 677 2339 ceteroquin
701 2271 805 2341 opera
829 2246 986 2318 iniuncta
1018 2270 1080 2340 pro
1096 2247 1269 2319 lucrandis
1294 2245 1471 2338 indulgen·

192 2357 251 2426 tiis
289 2354 407 2450 peragi
435 2354 563 2428 debent
588 2377 630 2428 eo
654 2356 757 2426 modo
782 2367 818 2427 et
844 2354 953 2426 forma
977 2377 1045 2448 qua
1070 2353 1282 2446 praescripta
1309 2353 1470 2434 fuerunt,

192 2483 304 2555 neque
320 2460 363 2531 ad
379 2461 559 2555 proprium
576 2461 743 2552 cuiusque
760 2459 936 2552 ingenium
957 2458 1202 2531 commutanda
1220 2470 1280 2527 aut
1296 2455 1468 2548 fingenda.

262 2569 315 2639 Ad
331 2590 404 2640 rem
421 2582 537 2640 autem
554 2567 896 2640 animadvertebatur
912 2589 990 2638 cum
1008 2566 1151 2638 Suarcz:
1169 2564 1393 2636 visitationem
1408 2585 1472 2656 pro

190 2674 355 2746 lucranda
386 2672 597 2768 indulgentie
621 2697 691 2746 esse
715 2697 882 2745 accessam
906 2673 951 2758 od
974 2671 1083 2744 locrvm
1106 2694 1261 2750 socrum,
1284 2692 1327 2740 ec
1348 2669 1416 2764 fide
1440 2683 1471 2738 et

192 2780 355 2876 religione
373 2779 620 2876 procedentem,
639 2803 714 2852 mern
732 2781 917 2850 intentione
936 2778 1061 2849 ididem
1077 2775 1206 2849 colendi
1226 2777 1347 2858 Deum,
1367 2773 1420 2863 cel
1436 2775 1471 2843 in

190 2913 227 2960 se
243 2889 327 2984 ipso,
346 2885 580 2982 celicolique
598 2885 733 2960 Sancto.
750 2887 855 2980 Atqui
875 2886 956 2958 huic
980 2886 1181 2979 complexae
1198 2883 1385 2956 conditioni
1403 2904 1471 2953 non

190 2993 408 3065 satisfaceret
424 2992 495 3076 ille,
514 2993 573 3088 qui
591 2991 680 3064 solas
693 3015 826 3085 preces,
841 2991 945 3063 toties
962 2991 997 3060 in
1015 2989 1158 3062 ecclesia
1176 3000 1367 3081 repeteret,
1386 2998 1474 3080 quot

191 3112 311 3171 essent
335 3098 551 3171 visitationes
584 3099 771 3171 faciendae.
796 3098 931 3186 Quibus
964 3099 1109 3170 assentit
1131 3095 1324 3168 Benaceina
1349 3096 1408 3187 qui
1436 3094 1473 3162 io

192 3218 329 3277 tractat.
355 3204 398 3276 de
422 3203 599 3298 Indulgere.
626 3205 750 3300 disput.
772 3212 791 3275 o
815 3229 848 3300 q.
869 3207 885 3272 1
903 3227 981 3301 per.
1002 3209 1021 3274 5
1039 3226 1073 3273 a.
1095 3205 1139 3274 32
1164 3202 1214 3273 ait
1233 3225 1305 3275 aex
1329 3225 1398 3295 quo
1423 3223 1474 3271 se-

197 3313 355 3405 squitur
389 3334 468 3383 eum
494 3313 553 3405 qui
578 3312 716 3404 saepius
750 3312 870 3384 caderu
899 3313 954 3384 die
984 3311 1103 3382 visitat
1131 3310 1333 3392 ecelesiam,
1371 3311 1475 3380 toties

198 3445 214 3485 a
235 3418 486 3510 indulgentiam
510 3417 836 3510 consequi,quoties
861 3418 1051 3511 prudenter
1068 3430 1104 3488 et
1120 3417 1244 3488 devote
1270 3417 1341 3487 adit
1361 3415 1476 3487 Eccle

194 3526 282 3596 siam
299 3551 315 3590 s
334 3524 462 3617 quibus
478 3523 574 3595 addit
594 3547 726 3598 «secus
742 3525 771 3595 si
789 3526 1031 3597 tantummodo
1057 3525 1238 3597 ecclesiam
1263 3524 1476 3618 ingrediatur

199 3641 271 3700 set
287 3629 407 3700 statim
428 3643 566 3703 exeat.»
585 3628 681 3718 Quae
706 3631 823 3714 verha,
844 3631 940 3702 iuxta
966 3631 1049 3701 illud
1073 3631 1164 3722 quod
1189 3631 1307 3701 docuit
1332 3623 1471 3710 Suarez,

195 3735 456 3820 demonstrant,
475 3736 614 3809 nomine
639 3735 849 3810 visitationis
865 3736 1010 3830 intelligi
1028 3759 1116 3830 opus
1133 3735 1369 3828 complexum,
1388 3737 1474 3807 adeo

196 3854 236 3910 ut
253 3841 366 3913 eidem
383 3840 479 3934 operi
501 3862 614 3935 neque
631 3841 689 3914 ille
706 3841 895 3914 satisfaciat
912 3841 971 3934 qui
988 3841 1078 3913 solas
1093 3841 1219 3934 repetit
1236 3839 1473 3910 visitationum

196 3967 342 4036 preces,
369 3965 481 4037 neque
505 3943 595 4018 alter
619 3945 848 4029 satisfaceret,
872 3946 931 4039 qui
957 3969 1056 4017 suam
1082 3945 1313 4039 praesentiam
1339 3956 1474 4015 tantum

197 4047 232 4117 in
256 4045 402 4119 ecelesia
427 4047 617 4121 exhiberet.

268 4153 423 4246 Denique
440 4153 481 4224 ad
499 4156 583 4227 baec
608 4154 755 4227 ulterius
778 4157 1025 4240 confirmanda,
1052 4157 1390 4229 animadvertebatur
1406 4179 1475 4227 non

195 4282 273 4332 esse
297 4258 447 4332 alienum
473 4283 493 4330 a
517 4261 768 4332 consuetudine
797 4262 917 4355 populi
946 4263 1124 4334 christiani
1157 4276 1314 4356 repetere
1346 4264 1477 4356 ingres-

195 4387 257 4435 sus
282 4379 318 4437 et
342 4387 519 4458 regressus
542 4363 586 4435 ab
610 4364 756 4438 ecclesia
794 4390 859 4460 pro
887 4367 1074 4460 repetenda
1106 4368 1303 4440 visitatione
1320 4371 1355 4440 in
1372 4370 1476 4442 finem

193 4471 238 4542 de
263 4493 333 4561 que
357 4471 504 4564 agimus.
531 4470 603 4540 lloc
628 4471 720 4542 enim
746 4472 916 4566 contingit
940 4471 996 4545 die
1020 4472 1170 4544 secunda
1194 4473 1342 4567 Augusti
1366 4476 1478 4568 quoli-
