3282 5008
181 391 248 460 148
526 414 693 463 arsroaar.
712 417 752 464 ar
776 417 899 464 narrar.
919 415 1096 464 raucruur.

177 519 215 688 pr
239 519 383 591 termino
405 539 556 602 cuasam,
578 541 684 616 qnare
698 519 738 592 ob
752 543 848 592 snam
865 518 1049 592 absentiam
1065 541 1087 588 a
1103 512 1299 597 residentia,
1314 537 1379 585 non
1392 513 1450 587 de·

199 636 253 692 eat
271 624 404 718 puniri.

251 938 336 1005 «An
361 939 533 1011 sententia
566 939 691 1012 Curiae
716 941 933 1035 Episcopalis
965 941 1011 1011 sit
1035 938 1292 1020 confirmanda,
1320 934 1373 1006 vel
1398 937 1451 1006 in·

181 1041 380 1113 „firmanda
406 1043 439 1112 in
465 1067 581 1114 casu.»

246 1145 383 1218 Souurro
407 1173 501 1218 auara.
515 1148 672 1221 —Saora
697 1149 924 1244 congregatio
944 1149 1103 1233 Consilii,
1121 1173 1159 1222 re
1183 1149 1339 1219 discussa
1356 1146 1449 1216 diets

179 1248 265 1319 lunii
294 1253 395 1326 1863.
421 1254 556 1325 censuit
585 1256 853 1327 confirmandam
878 1279 954 1328 esse
978 1256 1138 1349 Episcopi
1162 1252 1373 1327 senteutiam
1398 1272 1452 1320 re·

175 1355 376 1446 spondendo
394 1396 416 1410 -
434 1355 645 1452 affirmative
676 1360 721 1430 ad
743 1360 893 1456 primam
918 1374 1072 1455 partem,
1095 1362 1248 1455 repetire
1267 1356 1313 1429 nd
1335 1377 1451 1427 secan-

175 1459 267 1530 dam.
281 1500 305 1515 -

294 1675 348 1746 Ex
372 1701 466 1746 surm
494 1701 671 1748 nrsrurarrs
696 1703 861 1749 coutraes:

248 1783 275 1854 l.
301 1783 455 1856 Deeurso
480 1786 586 1854 trium
616 1786 789 1856 mensium
814 1787 950 1878 spatio,
978 1785 1007 1855 si
1032 1785 1227 1856 Canonicus
1260 1784 1409 1856 ulterius
1435 1811 1453 1852 s

176 1893 282 1963 choro
305 1891 415 1976 absit,
442 1893 541 1964 citari
565 1915 585 1964 a
606 1893 708 1964 Curia
732 1894 893 1965 eumdem
917 1915 1018 1985 posse
1039 1892 1080 1962 ad
1098 1890 1312 1984 allegandam
1329 1891 1364 1958 in
1385 1902 1451 1960 ter-

178 2001 271 2070 mino
296 2022 447 2082 oausam,
465 2023 572 2092 quare
590 2023 657 2072 nou
683 2000 808 2072 debeat
833 2000 1004 2070 fructibus
1028 2000 1154 2093 privari
1180 2009 1250 2070 eto.

246 2107 288 2176 ll.
315 2106 433 2200 Neque
459 2131 533 2180 esse
559 2110 790 2182 necessarium
816 2124 854 2178 ut
879 2107 1073 2190 Canonieas
1097 2107 1223 2178 absens
1247 2118 1449 2184 moneatur,

176 2211 228 2282 vel
246 2212 374 2283 citetur
389 2214 432 2282 ad
450 2213 682 2296 residendum,
698 2237 737 2284 ao
750 2213 778 2283 si
792 2235 860 2282 non
879 2212 988 2304 possit
1004 2212 1117 2303 puniri
1135 2211 1201 2281 nisi
1219 2211 1453 2281 constituatur

176 2318 210 2387 in
230 2339 338 2387 mora.
356 2316 504 2388 Probata
517 2318 609 2389 enirn
622 2319 797 2398 absentia,
818 2315 946 2386 militat
964 2316 1129 2386 adversus
1146 2336 1227 2386 eum
1253 2315 1337 2384 iuris
1353 2336 1448 2406 prae·

177 2423 347 2514 sumptio,
366 2445 432 2516 qua
450 2436 612 2494 censetur
630 2422 807 2515 illegitime
823 2447 843 2493 a
861 2423 965 2493 choro
990 2420 1153 2492 abluisse.

248 2529 304 2600 lll.
324 2529 436 2615 Quare
453 2553 541 2601 onus
558 2531 593 2599 in
612 2530 716 2602 talem
743 2530 923 2600 absentem
949 2527 1138 2610 incumbit,
1166 2524 1365 2597 destruendi
1391 2549 1453 2617 per

175 2633 416 2725 allegationem
438 2647 474 2703 et
495 2633 735 2726 probationem
760 2634 935 2725 legitimae
958 2655 1106 2714 causae,
1132 2633 1222 2704 hano
1246 2631 1331 2701 iuris
1354 2653 1455 2723 prae·

175 2739 439 2830 sumptionem,
462 2738 490 2808 si
512 2738 599 2809 nolit
622 2738 793 2810 fructibus
817 2738 958 2832 privari.

248 2843 304 2913 lV.
334 2843 369 2912 ln
397 2845 571 2937 praesenti
596 2857 715 2918 autern
738 2869 842 2917 causa
867 2845 1080 2938 supradictas
1103 2841 1281 2913 iudiciales
1305 2842 1451 2922 formas,

178 2949 260 3020 lieet
292 2951 424 3020 nonin
456 2953 634 3036 terminis,
661 2952 783 3024 saltem
809 2951 1066 3044 aequivalenter
1099 2949 1298 3020 observatas
1331 2946 1451 3016 luisse.

176 3055 296 3147 Neque
316 3058 499 3130 admodum
518 3058 561 3128 iis
577 3058 808 3130 insistendum
833 3056 1028 3140 ridebatur,
1048 3067 1128 3150 post
1145 3075 1267 3147 preces
1290 3055 1454 3127 iterator

178 3161 304 3232 Sancta
321 3162 409 3235 Sede
433 3165 593 3237 reiectas.
