3248 5004
198 403 243 472 bb
697 431 975 481 ntsrmuurtonun.

196 552 255 624 (μη
272 529 396 600 eisdem
413 531 533 626 officiis¹
548 533 584 603 in
601 534 683 629 ipsis
702 533 851 608 ecclesiis
867 538 1040 632 adfuerint
1056 538 1275 612 tribuantur..
1285 595 1291 608 .
1301 540 1383 630 .Qui
1394 566 1472 614 nero

197 634 301 706 aliter
324 636 365 707 dc
389 637 680 711 distributionibus
702 643 785 736 ipsis
813 644 997 740 quidquam
1021 647 1185 742 receperit
1210 647 1380 744 (exceptis
1403 647 1473 719 illis

198 763 278 833 qnos
301 741 504 834 infirmitas,
531 767 589 813 seu
613 744 702 815 insta
719 760 750 816 et
767 747 978 820 rationabilis
1001 749 1183 845 corporalis
1205 754 1397 832 necessitas,
1412 767 1475 822 aut

198 846 333 917 euidens
356 846 514 919 ecclesiae
537 849 667 920 utilitas
690 855 891 944 excusaret)
916 878 1030 925 rerum
1055 857 1104 926 sic
1128 871 1337 952 receptarum
1365 857 1473 927 domi-

199 955 294 1021 nium
318 975 385 1023 non
408 957 585 1050 acquirat,
613 980 674 1028 trec
697 960 802 1054 saciat
826 983 882 1030 eas
905 982 1006 1042 suas,
1023 962 1090 1032 imo
1106 962 1152 1032 ad
1166 964 1315 1033 omnium
1340 965 1475 1033 restitu-

197 1060 341 1140 tionem,
367 1083 453 1155 quoc
476 1076 592 1132 contra
615 1063 807 1135 huiusmodi
829 1079 978 1135 nostram
997 1067 1271 1136 constitutionem
1295 1067 1473 1161 receperit,

199 1179 412 1236 teneatur...

269 1271 462 1341 Concilium
488 1284 605 1344 autem
632 1273 874 1344 Tridentinum
899 1275 1059 1346 sancivit.
1078 1299 1158 1346 sess.
1182 1279 1225 1345 tt
1250 1273 1291 1346 dc
1316 1273 1466 1368 Reform.

197 1399 229 1446 c.
255 1381 309 1446 li.
331 1376 591 1449 u'srrmnnones
618 1403 694 1449 uero
718 1380 777 1472 qui
800 1380 896 1448 statis
919 1380 1011 1450 boris
1038 1381 1256 1476 interfuerint
1279 1380 1470 1474 recipiunt:

199 1481 336 1576 reliqui,
355 1488 472 1578 quouis
488 1480 668 1552 collusione
684 1495 742 1552 ont
760 1484 955 1553 remissione
972 1482 1125 1565 esclusa,
1144 1486 1197 1556 bis
1219 1498 1354 1555 careant
1375 1484 1471 1552 iusta

198 1585 370 1681 bonifacii
399 1587 491 1659 Vlll.
509 1587 699 1667 decretum,
718 1587 805 1682 qnod
821 1587 938 1681 incipit
955 1587 1269 1670 Consuetudinem,
1293 1589 1380 1682 quod
1395 1612 1475 1658 sau-

197 1707 251 1761 cta
275 1693 420 1786 synodus
444 1695 480 1763 in
505 1716 603 1764 nsum
628 1708 784 1772 reuocat,
809 1716 875 1762 uon
900 1692 1104 1764 obstantibus
1126 1694 1386 1788 quibuscumque
1404 1711 1476 1763 sto·

197 1799 301 1877 tntis,
325 1813 358 1868 et
381 1799 686 1871 conaretudinibus.
713 1799 774 1870 llis
807 1800 841 1868 in
873 1823 998 1892 genere
1029 1801 1248 1894 praestitutis
1272 1801 1313 1871 ad
1339 1801 1471 1894 singula

197 1904 300 1974 dubia
326 1907 375 1976 ita
399 1907 654 1999 disputabatur.

269 2009 382 2094 Quom
409 2035 521 2081 aarum
549 2036 674 2082 austun.
693 2011 862 2098 Quoniam
881 2010 1044 2082 Canoniei
1061 2009 1140 2102 plus
1156 2013 1315 2084 minusve
1328 2035 1469 2083 consue-

199 2114 310 2184 tudini
330 2115 587 2200 innitebantur,
606 2118 695 2188 cirea
713 2116 998 2188 corisuetudinem
1016 2116 1292 2187 animadversum
1311 2131 1376 2198 est,
1395 2139 1469 2187 eam

198 2243 265 2290 non
292 2221 470 2314 suffragari
500 2225 715 2317 perceptioni
748 2224 1030 2294 distributionum
1057 2223 1090 2292 in
1116 2222 1272 2293 absentia
1297 2247 1316 2293 a
1341 2225 1444 2294 choro
1459 2246 1470 2305 ;

197 2326 289 2416 quod
314 2327 539 2411 inserebatur,
567 2342 638 2396 tum
655 2351 697 2400 ex
716 2328 856 2400 decreto
880 2327 1046 2397 Boniiacii
1072 2326 1159 2396 Vlll.
1179 2327 1275 2396 iuxta
1291 2329 1382 2419 quod
1400 2343 1474 2398 tan·

197 2445 273 2500 tum
288 2432 337 2501 illi
351 2432 512 2506 absentes
529 2436 707 2527 percipere
724 2433 986 2504 distributiones
1002 2444 1161 2525 possunt,
1180 2454 1261 2525 quos
1276 2433 1472 2522 infirmitas.

196 2559 254 2605 sen
279 2538 367 2606 iusto
384 2551 415 2606 et
432 2537 642 2609 rationabilis
665 2537 847 2632 corporalis
863 2540 1059 2618 necessitas,
1075 2552 1133 2608 aut
1151 2537 1284 2607 euidens
1301 2536 1470 2607 Ecclesiae

196 2639 327 2710 utilitas
348 2642 736 2736 eccrrsaret,rep1·obata
761 2643 1033 2728 consuetudine,
1051 2657 1121 2713 tum
1137 2667 1180 2716 ex
1199 2643 1305 2713 citato
1322 2643 1469 2714 Consilii

197 2746 354 2818 decreto.

268 2851 314 2922 tu
338 2851 379 2922 ad
405 2875 478 2923 rem
503 2852 711 2924 afferebatur
735 2854 923 2923 auctoritas
948 2853 1111 2943 Fagnani,
1139 2853 1197 2945 qui
1222 2849 1280 2922 lib.
1301 2851 1360 2922 lll.
1379 2853 1470 2924 decr.

196 2953 239 3023 de
258 2954 443 3027 Praebend.
460 2980 489 3027 c.
504 2956 581 3028 licet
598 2982 633 3027 u.
649 2963 687 3026 7l
710 2959 759 3029 ait
779 2985 794 3022 a
808 2981 847 3029 ea
865 2958 956 3028 enim
975 2959 1190 3028 consuetudo
1208 2979 1275 3028 non
1292 2955 1385 3027 valet
1399 2958 1473 3028 sire

200 3084 216 3122 n
238 3060 434 3132 introductu
451 3061 556 3133 inerit
572 3077 653 3136 ente
670 3062 962 3135 Constitutionem
988 3061 1155 3132 Boniiacii
1173 3061 1261 3131 Vlll.
1280 3061 1352 3134 sire
1376 3077 1474 3155 post.;

200 3189 216 3228 n
237 3177 273 3235 et
290 3168 427 3258 saepius
445 3155 631 3262 respondet
648 3169 683 3241 S.
699 3171 927 3264 Congrogatio
945 3169 1049 3239 etiam
1068 3167 1377 3241 immemorabilem
1393 3191 1473 3238 con-

200 3295 216 3334 r
238 3273 456 3344 suetudinem
476 3275 582 3348 luisse
599 3275 807 3347 sublatam.»

266 3373 386 3460 Quoad
411 3376 616 3460 Canonium,
635 3381 692 3470 qui
721 3395 874 3472 tempore
900 3378 1006 3448 divini
1032 3375 1134 3448 officii
1154 3374 1387 3447 consessiones
1412 3399 1471 3446 au·

196 3479 317 3561 diunt,
340 3480 519 3554 dicebatur
540 3507 599 3555 eos
621 3507 688 3554 non
714 3485 847 3556 censeri
872 3495 1071 3574 praesentes
1093 3483 1127 3550 in
1146 3482 1261 3552 ebore.
1277 3478 1469 3550 Consilium

196 3585 539 3660 cnimTridentinum
553 3613 630 3661 sess.
645 3594 687 3659 m
699 3613 728 3660 c.
740 3595 760 3660 8
772 3591 909 3682 excepit
922 3587 1137 3658 solummodo
1148 3586 1470 3667 Paenitentiarium,

197 3689 347 3761 edicens:
362 3693 420 3785 qni
432 3692 512 3763 drrm
524 3695 743 3789 confessiones
760 3695 796 3763 in
814 3692 952 3765 ecclesio
963 3691 1095 3770 audiet,
1113 3693 1249 3761 iuterim
1259 3712 1418 3785 praesens
1434 3691 1471 3757 iu

197 3795 297 3865 ebora
313 3814 499 3869 certscatur.
518 3801 565 3871 Et
581 3801 776 3872 huiusmodi
794 3799 974 3894 dispositio
990 3798 1031 3868 ad
1049 3821 1107 3869 eos
1125 3810 1262 3866 tantum
1279 3795 1472 3866 Canonicos

197 3900 361 3996 ampliata
383 3906 571 3997 reperitur,
589 3909 648 4000 qui
666 3931 727 4001 pru
744 3907 897 3977 muneris
910 3904 1115 3974 necessitate
1129 3901 1361 3972 confessiones
1379 3900 1471 3971 exci-

196 4030 278 4099 pere
292 4021 466 4080 tonentur.
486 4011 536 4082 lta
549 4012 585 4082 S.
600 4013 826 4103 Congregatie
840 4012 874 4080 in
889 4009 1029 4080 Lucano
1043 4013 1063 4079 8
1079 4007 1193 4078 blartii
1214 4010 1301 4078 1635
1335 4007 1473 4080 censuit

197 4133 341 4204 nempe:
363 4112 499 4184 Oratori
523 4117 572 4185 ita
595 4118 631 4185 in
655 4115 763 4187 locum
783 4112 1040 4185 Paenitentiarii
1064 4111 1109 4182 ad
1134 4111 1320 4182 audiendus
1344 4112 1472 4204 coisses·

196 4219 305 4288 sioues
329 4243 371 4289 ea
394 4223 606 4303 necessitate,
627 4238 658 4293 et
674 4221 825 4316 lepitana
841 4242 941 4291 carrsa
957 4217 998 4287 ab
1014 4218 1176 4313 Episcopo
1200 4217 1370 4311 deputato,
1388 4217 1470 4286 ditm

196 4336 345 4418 tempore
367 4325 591 4422 deputationis
614 4327 833 4422 confessiones
857 4338 934 4394 actu
957 4323 1073 4403 audit,
1091 4321 1204 4394 deberi
1220 4320 1472 4394 distributiones

195 4431 426 4526 qrrotidiauas‚
449 4455 514 4502 uon
539 4456 631 4504 secus
647 4456 686 4502 oc
702 4431 732 4502 si
748 4431 871 4500 diuinis
886 4430 921 4497 in
940 4427 1037 4498 cboro
1062 4429 1247 4498 interesset.
1270 4426 1327 4496 lib.
1347 4426 1467 4497 Decre-
