3248 5004
197 418 243 490 38
460 442 596 495 utuoaurr
614 443 742 492 ausser.
762 445 789 492 s.
808 445 919 492 ruane.
938 443 1032 492 suren
1050 444 1197 494 caucam.

266 544 319 620 Ex
342 545 407 618 hac
431 560 468 619 et
491 549 709 622 antecedenti
734 571 836 620 causa
859 571 948 642 quae
972 551 1195 643 seraphicum
1222 550 1385 623 Ordinem
1410 573 1467 624 re·

196 651 364 744 spiciunt,
391 654 476 724 nihil
501 656 621 726 utilius
640 656 770 729 inlerre
795 680 932 751 posses,
958 680 1062 749 quam
1087 657 1295 751 praeclaram
1319 659 1465 733 austeri-

195 758 279 828 tatis
302 759 577 854 humilitatisque
601 763 779 845 virtutem,
805 763 952 857 quaein
977 763 1162 858 Seraplrico
1186 763 1313 835 Ordine
1338 764 1465 856 iugiter

195 865 423 959 splendescit:
449 888 553 958 quam
578 867 742 941 virtutem
765 870 894 941 lrustra
917 883 1215 962 quaereres,.tum
1231 883 1330 942 extra
1346 873 1465 943 catho-

194 970 296 1042 licam
321 993 507 1064 veramque
540 970 667 1044 Christi
699 973 836 1056 Domini
867 974 1078 1058 Ecclesiam,
1105 977 1294 1068 tumapud
1319 978 1461 1070 eosqui

194 1075 277 1147 licet
301 1077 461 1148 catholici
484 1075 587 1170 vulgo
610 1077 849 1171 appellentur,
875 1078 1044 1170 integram
1073 1091 1185 1151 tamen
1217 1080 1359 1171 gloriam
1388 1080 1465 1151 leli·

193 1183 406 1275 citatcmque
430 1197 602 1276 reponunt
627 1184 662 1256 in
686 1185 913 1255 humanarum
938 1208 1052 1256 rerum
1079 1209 1143 1256 usu
1178 1186 1372 1278 artiumque
1412 1188 1464 1258 in·

194 1289 327 1373 ventis,
352 1290 438 1361 adeo
469 1302 509 1360 ut
541 1304 766 1385 pervertentes
785 1291 959 1386 preprium
981 1315 1095 1362 rerum
1126 1307 1315 1362 creutnmm
1348 1294 1465 1364 existi·

192 1394 397 1475 motionem,
420 1395 529 1488 inepti
552 1397 745 1469 redduntur
760 1396 803 1468 ad
818 1397 902 1469 hacc
919 1396 1086 1468 virtutum
1104 1395 1260 1490 exempla
1277 1409 1316 1469 ut
1332 1422 1395 1493 par
1410 1413 1463 1471 est

195 1500 423 1585 aestimanda,
437 1503 552 1596 prouti
567 1503 721 1576 Ecclesia
733 1525 873 1598 semper
888 1503 1048 1576 aestimat
1064 1514 1099 1574 et
1116 1502 1250 1596 legibus
1265 1518 1461 1596 promovet.

672 1695 981 1754 wesema«-

480 1897 527 2002 ll
551 1898 580 2002 l.
601 1897 927 2004 totltttttttltll
951 1899 999 2002 Sl.
1021 1898 1171 2003 lttttll.

571 2261 773 2333 Platatult
797 2259 1085 2333 DlOECESUUM

244 2411 262 2460 a
279 2404 346 2460 ratu
361 2408 437 2462 raet.

265 2550 451 2621 Dacaeruu.
469 2574 485 2616 u
502 2546 664 2620 Nonnulli
682 2548 760 2618 dmi
777 2546 966 2620 Galliarum
982 2548 1188 2632 Antistites‚
1208 2550 1296 2622 serio
1319 2573 1464 2644 perpen-

193 2657 328 2739 dentes,
354 2657 390 2724 in
415 2653 536 2724 multis
560 2676 700 2725 suarum
725 2653 954 2725 Dioeoesuum
978 2654 1157 2738 Ecclesiis,
1184 2656 1319 2728 difficile
1345 2657 1465 2728 admo·

193 2764 276 2833 dum
301 2774 337 2833 et
360 2761 498 2832 nonnisi
523 2762 657 2853 magnis
682 2759 892 2852 sumptibus,
918 2762 1107 2855 comparari
1132 2785 1233 2855 posse
1259 2763 1374 2833 oleum
1399 2762 1464 2834 oli·

193 2890 315 2940 rarum
332 2867 375 2939 ad
392 2866 610 2939 nutriendam
630 2866 688 2938 diu
705 2878 879 2958 tractuque
896 2866 1020 2939 saltem
1040 2889 1145 2938 unam
1169 2868 1362 2962 lampadam
1380 2882 1462 2941 aute

192 2973 457 3044 sanctissimum
474 2972 711 3045 Eucharistiae
727 2973 1004 3055 Sacramentum,
1023 2972 1067 3044 ab
1083 2972 1281 3066 Apostolica
1298 2972 1386 3045 Sede
1402 2973 1464 3044 de·

192 3080 312 3150 clarari
329 3078 505 3172 petierunt
522 3092 638 3148 utrum
651 3081 685 3148 in
699 3102 793 3162 casu,
811 3078 953 3150 attentis
970 3077 1229 3149 difficultatibus
1241 3091 1277 3149 et
1290 3076 1463 3149 Ecclesia-

192 3209 270 3256 rum
283 3197 498 3280 paupertate,
512 3186 587 3256 oleo
600 3184 767 3256 olivarum
791 3183 955 3256 substitui
980 3185 1112 3279 possint
1128 3184 1193 3256 alia
1210 3182 1297 3267 olea,
1314 3207 1402 3277 quae
1416 3208 1461 3256 cx

192 3292 443 3384 vegetabilibus
468 3290 659 3373 habentur,
678 3292 752 3385 ipso
776 3314 844 3362 non
870 3290 1010 3363 excluso
1034 3291 1201 3384 petroleo.
1228 3289 1332 3361 Sacra
1357 3313 1458 3383 porro

192 3397 338 3467 Rituum
362 3397 610 3492 Cougrcgatio,
637 3400 703 3471 etsi
728 3420 863 3491 semper
887 3397 1034 3469 sollicita
1051 3412 1090 3468 ut
1106 3397 1211 3470 etiam
1229 3397 1263 3465 in
1281 3397 1345 3468 hac
1361 3409 1460 3490 parte

192 3505 284 3594 quod
309 3526 419 3597 usque
434 3505 478 3575 ab
496 3504 670 3577 Ecclesiae
694 3504 892 3597 primordiis
918 3505 1008 3575 circa
1032 3526 1134 3575 usum
1150 3503 1216 3574 olei
1234 3525 1277 3574 ex
1294 3503 1394 3575 olivis
1411 3504 1462 3573 in·

191 3609 335 3679 ductum
360 3623 414 3682 est
459 3610 504 3680 oh
528 3611 692 3703 mysticas
715 3610 985 3703 significationes
1008 3611 1219 3695 retineatur3
1244 3623 1396 3681 attamen
1414 3610 1460 3678 si-

191 3713 299 3786 lentio
323 3715 512 3807 praeterire
538 3717 680 3788 minime
712 3716 846 3788 censuit
878 3717 1030 3788 rationes
1054 3715 1097 3785 ab
1122 3717 1244 3787 iisdem
1277 3715 1459 3808 Episcopis

190 3831 363 3913 prolatas3
388 3843 427 3891 ac
451 3822 607 3913 proinde,
635 3823 807 3916 exquisito
832 3823 929 3915 prius
946 3823 1033 3894 Voto
1057 3822 1200 3893 alterius
1225 3845 1268 3894 ex
1285 3823 1460 3912 Apostoli·

190 3949 307 3998 carum
338 3925 641 3999 Coeremoniarum
675 3929 867 4021 Magistris,
895 3928 1110 4021 subscriptus
1141 3926 1332 3998 Cardinalis
1356 3926 1459 3999 Prae·

191 4033 303 4104 lectus
327 4033 480 4105 eiusdem
500 4034 622 4105 Sacrae
641 4034 922 4128 Congregationis
945 4056 1018 4106 rem
1043 4055 1181 4106 omnem
1208 4033 1398 4126 proposuit,
1423 4034 1458 4102 in

191 4137 380 4209 Ordinariis
404 4136 562 4209 Comitiis
578 4141 620 4210 ad
638 4138 842 4211 Vaticanum
865 4139 1030 4211 hodierna
1054 4140 1110 4211 dic
1134 4139 1274 4210 habitis.
1301 4139 1377 4210 Emi
1398 4161 1460 4208 au·

192 4257 262 4316 tem
287 4257 323 4317 et
346 4244 427 4314 Emi
457 4243 578 4317 Patres
600 4244 713 4316 Sacris
738 4245 877 4316 tuendis
901 4245 1040 4316 llitibus
1064 4245 1271 4338 praepositi,
1298 4243 1462 4315 omnibus

190 4365 349 4426 accurate
379 4353 558 4444 perpensis
582 4375 622 4422 ac
646 4351 910 4442 diligentissime
943 4351 1172 4434 examinatis,
1200 4347 1459 4423 rescribendum

190 4470 412 4531 censuerunt.
442 4455 670 4531 «Generatim
705 4457 867 4528 utendum
890 4479 960 4527 ease
983 4455 1054 4527 olen
1085 4454 1276 4530 olivarum:
1301 4454 1358 4525 itti
1382 4477 1461 4522 uero
