3248 5004
721 499 870 546 trunsum
896 499 929 546 n.
1416 472 1460 538 ts

186 629 205 659 ο
223 622 304 664 cous.
325 603 367 664 36
383 604 449 681 φ’.)
471 630 483 655 ι
508 603 551 665 ibi
577 630 590 657 ι
607 609 659 682 qui
681 608 798 681 rapiunt

186 731 205 758 ο
216 706 375 782 foeminei,
382 705 524 780 surontnr
538 714 590 767 out
604 707 751 781 reducunt,
766 711 798 766 et

187 832 205 858 ο
223 825 287 883 cup.
305 808 341 866 de
367 808 528 884 raptoribus
554 826 633 868 cuns.
653 808 694 870 36
714 826 744 885 p.
769 813 793 880 t,

187 935 205 961 ο
225 914 255 970 et
268 910 311 970 itu
323 926 461 988 expresse
472 914 555 970 tenet
568 909 672 974 Abbns
684 916 744 972 etc.
761 911 798 970 Et

188 1037 206 1062 ·
226 1010 307 1072 cotio
334 1015 381 1072 est
401 1027 492 1090 quem
516 1009 618 1072 reddit
644 1019 743 1074 textus
766 1012 797 1073 in

188 1139 206 1164 ι
224 1109 292 1190 lege
314 1113 402 1173 tunice
425 1112 472 1172 bis
498 1111 599 1173 uerbis
617 1139 630 1164 ι
648 1119 704 1174 nisi
722 1119 797 1173 enim

188 1240 206 1266 ·
227 1221 326 1292 ruptor
339 1233 401 1275 eom
416 1216 612 1274 sollicitaverit
626 1219 681 1274 nisi
696 1216 798 1274 odiosis

188 1340 206 1368 ο
224 1317 336 1375 ortibus
351 1320 566 1375 circumvenerit
582 1335 639 1376 uon
648 1316 725 1390 serit
736 1333 796 1375 eum

188 1443 206 1468 ο
223 1417 336 1477 nelleiu
346 1425 454 1477 tuntum
464 1417 582 1476 dedecus
593 1435 653 1476 sese
661 1419 796 1493 prodere:

189 1545 206 1572 ·
225 1516 475 1598 ideoquemulier
485 1522 571 1597 rapte
579 1535 701 1597 semper
711 1535 797 1597 pree·

189 1645 206 1671 ο
224 1619 354 1681 sumitur
371 1619 511 1694 seducte,
533 1625 565 1680 et
583 1618 721 1699 decepte.
733 1618 797 1680 nb-

189 1747 206 1773 ·
226 1719 280 1782 bns
293 1727 375 1782 etc.·
392 1729 423 1782 et
436 1727 505 1800 post
519 1720 579 1782 elin
599 1721 680 1782 idem
702 1721 797 1782 luris·

188 1820 348 1884 consultus
363 1820 617 1902 prosequebatur:
636 1848 649 1874 ·
665 1821 797 1901 denique

190 1951 206 1976 o
223 1922 304 1985 beno
326 1925 500 2003 opinionem
521 1922 684 1985 confirmet
698 1930 798 1985 tentus

188 2052 205 2076 ι
221 2044 285 2103 cop.
298 2045 363 2086 eum
372 2045 466 2099 causo,
479 2043 542 2102 quo
554 2025 711 2087 manifeste
724 2043 798 2104 pto·

188 2153 205 2177 ·
226 2124 317 2186 betur
328 2133 449 2206 replum
462 2127 612 2187 committi
625 2127 711 2187 etiem
726 2143 795 2187 cum

188 2253 205 2277 ι
224 2225 351 2288 muliere
374 2225 506 2300 uolente,
524 2226 597 2287 dum
616 2227 743 2306 reqiiirit
757 2227 796 2287 nd

191 2355 206 2378 ·
224 2326 447 2412 excludendqm
460 2333 596 2406 ruptum,
611 2333 742 2389 utentes
759 2327 797 2389 de

187 2455 205 2480 ι
225 2430 340 2507 nuptiis
357 2436 456 2490 ocium
470 2430 521 2505 sit,
539 2436 570 2492 et
586 2431 629 2490 itn
643 2448 698 2488 non
712 2431 796 2504 susti-

188 2557 204 2580 Δι
223 2535 261 2588 cit
274 2549 419 2591 consensus
432 2532 551 2606 poeitae
570 2536 625 2590 nisi
642 2533 799 2608 praecedet

187 2655 204 2682 υ
222 2638 357 2690 tractatus
371 2632 406 2690 de
422 2637 610 2706 matrimonio,
627 2637 660 2692 ut
673 2631 715 2691 ibi
728 2648 796 2692 seii·

186 2759 204 2784 a
224 2732 305 2792 tinnt
322 2733 524 2795 communiter
538 2739 677 2795 auctores
679 2777 794 2794 .....

186 2859 204 2884 ·
223 2833 313 2907 Quod
337 2834 362 2895 si
386 2833 551 2895 obiiciatur
575 2836 605 2895 S.
626 2834 795 2896 Concilium

187 2959 204 2985 ο
225 2937 390 3015 respexisse
407 2933 578 2998 libertatem
594 2936 732 3016 puellne,
761 2955 796 2998 nc

852 632 865 657 ι
884 621 1000 667 emisse
1029 602 1177 664 tutionem
1206 597 1332 663 concilii
1362 598 1393 658 in
1424 613 1461 657 en

852 733 865 758 ι
884 704 1138 785 quaeamentitur
1150 702 1338 782 neptricum
1352 704 1460 778 postet

853 835 865 858 ·
884 806 1058 869 dissentiret
1069 803 1276 866 matrimonio.

918 935 929 960 ι
948 899 1458 986 linquevideturrespondendum,

853 1037 866 1062 ι
884 1016 1037 1090 raptorem
1052 1006 1188 1068 mulieris
1202 1004 1330 1068 volentis
1342 1000 1459 1064 includi

854 1139 866 1164 ι
885 1110 1011 1173 decreto
1033 1108 1181 1182 Commii,
1204 1109 1284 1168 sicut
1304 1107 1337 1166 in
1359 1100 1466 1184 specio

854 1241 866 1265 ·
885 1213 976 1274 etiem
992 1212 1085 1273 sentit
1099 1211 1252 1271 Neratius
1264 1215 1352 1266 const.
1367 1205 1399 1284 2,
1416 1205 1463 1263 tit.

853 1343 866 1368 ι
884 1317 921 1375 de
937 1297 1013 1391 rcpt.
1030 1315 1082 1373 tib.
1101 1315 1119 1372 5
1136 1315 1167 1372 in
1185 1311 1264 1373 liene
1277 1306 1465 1371 sententium

853 1445 866 1468 ·
885 1417 982 1478 citans
992 1417 1021 1476 S.
1035 1415 1197 1485 itionem,
1209 1414 1263 1491 qui
1278 1413 1320 1474 eit
1334 1427 1400 1472 esse
1415 1425 1462 1469 re·

853 1547 865 1572 ι
884 1520 1063 1598 ceptorum
1074 1516 1338 1597 quoddictumest
1348 1513 1466 1576 deine·

853 1646 866 1672 ι
886 1619 1051 1693 immonis,
1074 1625 1108 1680 ut
1123 1617 1293 1680 Concilium
1318 1631 1467 1694 eompre-

853 1747 867 1773 ·
887 1719 999 1782 bendnt
1027 1720 1117 1782 etiem
1142 1724 1296 1797 raptorem
1324 1715 1467 1778 mulieris

855 1821 1039 1898 inolentis,
1063 1819 1224 1882 dicendum
1248 1825 1292 1879 est
1314 1819 1406 1877 etiem
1422 1815 1460 1876 de

854 1950 867 1976 ·
886 1924 995 2004 poenis
1007 1923 1048 1982 ob
1060 1921 1180 1983 ensdem
1194 1923 1337 1981 rationes.

918 2051 931 2073 s
951 2026 1031 2086 tinec
1051 2031 1151 2084 nutem
1167 2020 1460 2083 omniuitnsuntin·

854 2151 866 2177 ·
886 2123 1069 2201 telligendn,
1083 2141 1153 2184 cum
1164 2140 1232 2184 rere
1245 2127 1352 2200 raptus
1365 2121 1460 2181 iuter·

854 2253 867 2279 ι
887 2227 984 2300 venit,
1002 2231 1053 2302 qui
1067 2229 1187 2302 requirit
1205 2226 1332 2300 ntiquom
1350 2225 1459 2282 riolcu-

854 2355 866 2380 ι
885 2332 973 2388 tiam:
986 2327 1065 2388 adeo
1082 2333 1115 2388 nt
1133 2331 1239 2404 rapinis
1256 2342 1317 2386 non
1334 2323 1461 2385 tolletur

853 2457 866 2482 ι
887 2448 956 2492 cum
983 2428 1068 2490 obest
1096 2427 1238 2488 violentie
1259 2433 1289 2488 et
1310 2425 1459 2488 obductio

854 2558 867 2584 ·
885 2549 940 2610 per
959 2547 1141 2592 consensum
1160 2529 1294 2590 mulieris
1307 2531 1359 2604 (t),
1372 2544 1461 2589 secus

855 2660 867 2685 υ
886 2635 909 2694 si
935 2631 1079 2692 violentie
1102 2649 1164 2692 non
1186 2628 1406 2704 intercederet,
1430 2636 1461 2690 et

854 2761 867 2786 ι
888 2733 996 2794 mulier
1009 2740 1086 2793 esset
1102 2731 1147 2793 sui
1163 2731 1251 2805 iuris,
1266 2729 1344 2792 idest
1360 2748 1461 2810 neque

853 2862 866 2887 ι
885 2835 915 2896 in
931 2840 1080 2913 potestate
1095 2840 1271 2913 parentemn,
1292 2850 1392 2912 neque
1409 2840 1461 2894 tn-

853 2965 865 2990 ·
885 2938 977 3012 toris,
991 2953 1090 3017 neque
1102 2936 1255 3014 similium,
1267 2954 1366 3015 neque
1381 2953 1458 3015 pro-

186 3062 205 3087 ·
224 3037 448 3098 matrimonium
469 3037 586 3099 nullum
608 3037 793 3111 decrevisse,
852 3068 866 3094 ι
882 3039 1094 3113 missionibus,
1109 3039 1153 3100 vel
1171 3037 1237 3099 eliis
1251 3037 1367 3099 artibus
1380 3044 1459 3099 esset

186 3163 205 3186 ο
224 3139 249 3198 si
275 3138 474 3201 contrabatur
500 3139 598 3200 donec
619 3145 664 3200 est
686 3141 717 3202 in
738 3159 796 3220 po·
853 3169 865 3196 ι
885 3141 1033 3218 deducta,
1052 3146 1087 3202 ut
1100 3140 1177 3203 bene
1191 3158 1246 3220 per
1259 3140 1407 3202 bloscerd.
1423 3143 1459 3200 dc

188 3267 204 3290 ο
226 3247 332 3302 testate
355 3241 500 3319 raptoris,
525 3242 602 3302 beno
623 3248 724 3304 nutem
743 3262 794 3304 ru·
853 3271 866 3298 ι
881 3246 967 3321 prob.
981 3244 1203 3303 rol.3conclus.
1219 3243 1298 3304 1253
1310 3244 1390 3303 verb.
1404 3245 1462 3303 tle·

187 3367 206 3393 ·
225 3343 338 3404 tionem
372 3359 487 3404 cessere
511 3344 536 3402 si
563 3343 664 3421 puella
693 3345 794 3424 raptui
853 3349 955 3421 ·pino
970 3363 1001 3404 n.
1018 3344 1091 3404 ·20.·

184 3469 203 3494 ·
226 3444 427 3504 consenserit:
455 3445 524 3504 truie
552 3444 716 3508 obiectioni
747 3465 794 3508 re·
912 3444 1459 3524 lnquolurisoonsnltivoto‚quem-

187 3571 205 3596 ·
224 3543 396 3624 spondetur
416 3547 534 3624 primo,
552 3545 636 3626 quod
652 3566 800 3607 consensus
850 3547 895 3606 nis
910 3545 1056 3608 nonnullo
1076 3545 1246 3607 habeantur
1265 3563 1325 3607 non
1351 3545 1460 3606 ndmo·

186 3673 205 3698 ο
227 3645 343 3724 puellos
356 3648 520 3724 adreptum
536 3649 799 3726 praesumiturex-
850 3648 923 3709 dum
946 3648 1167 3724 determinate,
1186 3655 1287 3708 tomen
1303 3649 1379 3708 rutio
1398 3665 1457 3725 po·

186 3775 204 3798 a
226 3748 796 3827 tortuseviroperdolum‚iustndiot.
850 3750 964 3810 tissime
1004 3755 1130 3826 propter
1167 3765 1256 3826 quem
1292 3765 1459 3809 consensus

185 3874 204 3899 a
227 3846 285 3926 leg.
306 3854 332 3908 1.
348 3848 719 3927 Respondetursecundo,
733 3869 797 3913 esse
850 3851 968 3930 puellne
982 3853 1012 3911 in
1031 3855 1170 3928 replum,
1194 3849 1326 3910 indolem
1352 3856 1460 3928 rnptns

184 3973 204 3998 ο
222 3947 478 4010 considerandum
492 3949 578 4029 quod
593 3953 676 4010 eliud
689 3961 730 4012 est
746 3972 797 4012 rc·
850 3970 913 4014 non
936 3953 1083 4030 destruit,
1102 3971 1136 4012 es
1155 3969 1191 4012 en
1209 3953 1358 4030 repetitur
1372 3951 1459 4030 quod

185 4077 203 4100 .
220 4057 287 4143 ptri
308 4054 479 4126 consentire,
496 4061 524 4111 et
539 4055 623 4113 otiud
643 4060 798 4116 consentire
850 4054 898 4115 iiio
914 4071 1078 4114 consensus
1094 4054 1131 4113 nb
1149 4053 1267 4113 insidiis
1283 4051 1459 4131 nequissimi

185 4177 203 4202 ο
222 4153 411 4210 matrimonio.
424 4154 463 4211 Et
475 4161 796 4230 proetereneceonsen·
850 4156 981 4216 bominis
1007 4157 1144 4233 rapinam
1173 4153 1345 4214 meditantis
1366 4153 1459 4216 indu·

184 4275 204 4302 ι
220 4268 255 4308 ru
276 4252 316 4310 od
337 4259 465 4327 ruptum,
485 4272 541 4312 non
557 4255 662 4330 inferri
679 4275 796 4316 consen·
850 4258 948 4329 citur,
968 4263 998 4317 el
1015 4255 1085 4318 ideo
1109 4256 1251 4317 violentia
1265 4255 1325 4334 ipsi
1339 4255 1460 4316 mulieri

183 4375 203 4402 ο
222 4354 561 4431 rurrcdruotrimonium‚
578 4363 670 4436 etque
683 4358 724 4418 its
735 4377 797 4420 niin
849 4357 992 4433 insertur,
1010 4361 1149 4437 qunnmis
1166 4356 1305 4419 sidentur
1327 4369 1459 4418 eonsen-

233 4555 272 4615 tt)
284 4551 353 4608 idest
362 4554 435 4610 solus
444 4571 590 4612 consensus
602 4559 706 4625 pinellae
719 4562 744 4615 in
755 4569 860 4622 rantum
872 4576 924 4615 non
935 4557 1082 4614 semotim
1091 4557 1246 4611 iiiiiliernon
1258 4555 1459 4623 dionturreptu.
