3282 5008
441 457 538 507 suras
563 454 751 506 usuraautr.
769 455 874 506 carru.
893 457 929 503 uc
955 454 1138 503 nosruurru.
1365 435 1424 500 llil

154 564 395 637 demonstrare
419 562 486 634 sibi
514 561 704 655 contingat.
733 561 770 632 ld
799 559 891 633 enim
916 559 1096 652 perspicae
1120 556 1291 628 sancitum
1316 566 1371 627 est
1395 554 1430 624 in

153 689 232 762 cop.
262 673 319 739 28.
349 666 446 755 Quod
468 667 576 747 sicat,
596 689 669 762 cap.
698 668 755 738 36.
772 664 887 736 Bonae
910 663 961 734 De
986 661 1081 734 elect.
1105 661 1258 754 Fagnaa.
1286 661 1331 731 ud
1354 683 1428 756 cop.

157 771 250 858 Quia
271 789 408 869 propter
432 773 482 846 [le
505 770 612 843 Eleos.
637 796 673 842 n.
692 773 736 844 39
762 769 991 843 lleillenstuel
1010 767 1256 841 ventecano.
1278 769 1293 836 1
1315 790 1349 836 n.
1374 771 1428 836 15.

228 879 331 950 Hisce
355 880 391 949 in
412 879 487 949 iure
506 877 718 972 praelibatis,
745 877 779 947 in
804 874 896 948 lacto
912 875 1143 956 statuebatur,
1161 897 1180 945 a
1196 873 1371 945 Canonico
1388 871 1428 941 B.

158 1005 227 1054 aon
260 984 418 1055 absolute
445 1005 485 1054 aa
514 981 720 1076 simpliciter
749 981 1033 1053 deliberationem
1065 979 1291 1074 capitularem
1323 977 1431 1049 luisse

156 1089 415 1181 impugnatam,
445 1087 504 1159 sed
529 1108 609 1158 eum
633 1086 844 1160 conditione.
876 1087 951 1180 lpse
975 1085 1145 1179 siquidem
1171 1085 1265 1157 hisee
1289 1082 1361 1156 lere
1393 1106 1430 1155 se

158 1195 273 1266 verbis
297 1194 522 1288 explicuerat.
541 1232 564 1246 -
589 1191 629 1266 si
651 1191 738 1276 milui
772 1193 827 1264 ius
850 1193 936 1263 inest
958 1191 1092 1287 ferendi
1114 1191 1272 1288 auffropii
1284 1241 1296 1274 ,
1321 1204 1352 1260 et
1377 1213 1432 1260 ea

156 1297 273 1382 elusio,
298 1323 400 1395 quom
423 1297 523 1381 subii,
538 1298 666 1370 iniusto
689 1313 751 1381 est,
766 1299 902 1371 animus
924 1299 1011 1370 mibi
1034 1312 1082 1384 est
1105 1296 1247 1393 singulis
1263 1299 1431 1392 infusam

151 1403 338 1498 praebendi
361 1425 496 1484 uocem,
520 1416 656 1500 cacepto
680 1403 819 1497 Aepidio
843 1418 960 1498 nepote
983 1426 1069 1474 meo.
1087 1442 1111 1457 -
1135 1402 1234 1489 Quod
1263 1404 1292 1474 si
1320 1403 1430 1496 prima

156 1509 260 1580 buius
283 1509 524 1582 declarationis
547 1531 628 1604 pars
655 1509 798 1604 impleta
822 1509 966 1582 dicenda
990 1508 1100 1594 soret,
1126 1512 1279 1603 adeoque
1304 1509 1431 1579 iniusta

155 1613 261 1687 luerit
284 1617 361 1688 eius
384 1616 550 1699 exclusio,
568 1615 604 1686 id
628 1626 765 1687 tantum
780 1628 997 1708 sequeretur,
1015 1627 1056 1687 ut
1072 1616 1198 1708 singuli
1218 1614 1434 1709 Competito-

154 1743 213 1793 res
236 1721 385 1795 alterum
407 1735 526 1794 votum
551 1722 759 1806 adversam,
787 1721 950 1815 Acgidius
974 1744 1056 1794 vero
1078 1722 1228 1794 alterum
1262 1721 1329 1792 sibi
1354 1743 1433 1813 pro-

158 1827 285 1917 pitium
310 1827 479 1901 obtineat.
510 1829 630 1922 ltaque
654 1827 843 1922 aegidius,
869 1830 928 1922 qui
957 1841 1036 1901 vota
1060 1828 1137 1901 alba
1161 1840 1310 1922 quatuor
1339 1837 1434 1898 retu-

156 1929 212 2013 lit,
242 1931 396 2024 quiaque
420 1932 566 2005 subinde
591 1931 658 2004 sibi
682 1933 883 2005 vindicabit.
908 1936 954 2004 At
978 1933 1201 2006 nihilosecius
1224 1931 1432 2011 Fridericus,

156 2036 219 2128 qui
244 2056 306 2106 sex
329 2049 409 2108 rota
432 2037 510 2108 alba
534 2037 603 2108 iam
628 2036 774 2130 adeptus
797 2036 932 2120 luerat,
959 2037 1076 2109 addito
1099 2059 1169 2108 uuo
1189 2037 1352 2130 suffragio
1375 2037 1434 2107 ad-

156 2162 281 2224 verso,
306 2162 374 2213 nan
400 2142 529 2214 idcirco
552 2142 596 2215 de
621 2141 742 2215 maiori
766 2163 890 2214 vocam
915 2163 1060 2214 numero
1084 2164 1167 2236 prae
1191 2142 1337 2235 Aegidia
1361 2142 1434 2236 glo-

154 2245 238 2318 riari
267 2246 436 2339 nequibit.

228 2349 346 2444 Neque
371 2375 453 2426 raro
476 2353 666 2446 quidquam
685 2373 801 2447 ageret
821 2353 1015 2429 Canonieus
1029 2354 1084 2440 Β.,
1099 2354 1128 2427 si
1144 2355 1431 2448 protestationem

153 2456 360 2529 obtunderet
383 2458 489 2531 biduo
513 2473 591 2552 post
611 2473 821 2534 conventam
846 2463 1071 2557 capitularem
1095 2461 1163 2535 diei
1182 2465 1202 2531 9
1220 2461 1308 2533 lunii
1327 2483 1433 2555 penes

156 2561 411 2634 Cancellarium
435 2563 677 2657 Episcopalem
701 2565 878 2648 elicitam,
905 2568 940 2636 in
973 2589 1040 2660 qua
1064 2566 1204 2640 disertis
1226 2565 1343 2640 verbis
1370 2589 1434 2661 pro

154 2669 358 2763 capitularis
381 2667 641 2743 deliberationis
662 2669 823 2744 nullitate
848 2670 988 2757 institit,
1003 2683 1148 2764 actaque
1171 2671 1288 2743 omnia
1305 2673 1434 2743 rescin-

155 2774 269 2846 denda
293 2797 369 2848 esse
392 2775 507 2869 petiit.
533 2773 622 2848 Cum
647 2776 740 2849 enim
764 2777 870 2848 animi
893 2776 947 2849 sui
971 2778 1036 2851 hae
1050 2778 1094 2850 de
1109 2802 1147 2851 re
1161 2776 1431 2851 declarationem

158 2878 194 2947 in
218 2901 260 2952 ea
283 2879 384 2973 ipso,
410 2903 481 2974 qua
507 2903 526 2952 a
555 2894 728 2955 conventu
760 2883 925 2968 recessit,
951 2884 1036 2955 sutis
1060 2883 1161 2978 plene
1194 2882 1430 2976 pandidisset,

157 2982 228 3054 iam
260 3007 328 3058 non
365 2987 515 3081 amplius
547 3010 630 3061 suae
660 2989 845 3082 potestatis
876 3002 951 3062 erat
979 3012 1062 3062 suae
1094 2989 1284 3062 voluntatis
1315 3002 1431 3060 actum

153 3109 320 3162 revocare
348 3102 385 3162 et
411 3093 617 3166 immutare:
645 3094 735 3189 qaod
749 3094 849 3187 ‚enim
882 3093 986 3167 semel
1010 3093 1165 3192 placuit,
1196 3094 1248 3165 uti
1285 3115 1432 3166 comune

154 3193 225 3264 sert
248 3194 433 3288 adagium,
460 3195 608 3291 amplius
631 3197 808 3295 displicere
831 3223 898 3271 aaa
917 3215 1038 3296 potest.
1068 3201 1177 3273 Porro
1207 3222 1287 3272 cum
1325 3199 1432 3271 semel

157 3299 308 3394 Capituli
325 3303 491 3374 resolutio
515 3303 705 3377 abeodem
730 3305 916 3376 ratihabita
938 3305 1018 3390 suit,
1044 3304 1211 3400 quidquid
1236 3304 1348 3376 eidem
1364 3304 1434 3376 ior-

158 3417 251 3478 tasse
271 3406 345 3478 vitii
362 3407 487 3490 inerat,
506 3408 661 3502 apprime
682 3425 867 3504 purgatum
887 3410 1106 3504 dilutumque
1123 3411 1201 3481 suit.
1220 3409 1432 3502 Ceteroquin

156 3511 358 3584 ratihabitio
382 3536 450 3586 non
468 3514 570 3586 modo
593 3515 723 3598 verbis,
748 3518 807 3589 sed
833 3530 869 3589 et
893 3517 994 3589 lactis
1009 3519 1193 3589 emittitur.
1209 3555 1233 3570 -
1249 3513 1325 3587 Noa
1342 3516 1433 3585 enim

157 3631 291 3688 tuntum
311 3618 419 3691 uerbis
441 3635 554 3690 rotam
578 3621 762 3717 quidquem
783 3635 889 3718 potest
905 3623 1037 3704 baberi,
1059 3623 1117 3694 aad
1140 3623 1243 3692 etium
1267 3620 1395 3692 actibus
1409 3659 1434 3674 ··

155 3721 207 3792 ait
229 3719 358 3794 Paulas
381 3723 652 3796 lurisconsultus
675 3725 716 3797 L.
737 3731 756 3797 t
780 3727 859 3822 Dip.
886 3725 1010 3798 Rotam
1034 3750 1118 3798 reon.
1150 3725 1219 3798 Nec
1243 3726 1431 3820 quidquam

155 3826 340 3922 proficeret
363 3829 558 3902 Canonicus
582 3829 636 3915 Β.,
655 3833 683 3902 si
701 3855 817 3906 errore
842 3845 878 3906 et
902 3833 1095 3926 ignorantia
1118 3833 1262 3905 ductum
1279 3854 1317 3904 aa
1334 3832 1367 3902 id
1384 3830 1433 3902 se-

153 3931 246 4004 cisse
270 3932 412 4017 diceret,
432 3957 511 4006 nam
535 3934 622 4006 falsa
646 3939 821 4030 reputatio
839 3939 1014 4012 nemiuem
1032 3950 1187 4021 excusat,
1206 3959 1318 4030 neque
1334 3949 1434 4008 actus

156 4035 371 4108 valuntarius
394 4038 453 4111 ille
478 4041 599 4133 aequit
622 4044 789 4134 reputari,
810 4065 915 4137 quem
940 4043 1065 4137 aliquis
1080 4055 1178 4136 gerat
1194 4042 1279 4114 salsa
1295 4065 1356 4135 spe
1372 4053 1433 4112 out

157 4141 320 4234 opinione
335 4140 472 4215 ductus.
490 4141 644 4216 Gratian.
670 4145 817 4242 Discept.
836 4145 975 4218 Furens.
1001 4170 1074 4245 cop.
1103 4152 1171 4220 765
1196 4170 1230 4219 n.
1259 4151 1317 4218 19.
1347 4145 1434 4218 Rota

159 4245 269 4319 Dacis.
291 4249 358 4317 287
375 4271 412 4317 n.
431 4252 475 4319 ut
488 4271 527 4345 p.
547 4252 591 4321 lli
609 4249 689 4322 Rea.
713 4328 717 4336 ,

225 4353 409 4426 Pmeterea
433 4355 572 4426 tametsi
597 4356 711 4451 aliqua
740 4359 851 4430 adhuc
875 4359 1103 4435 dubitationis
1128 4364 1250 4434 umbra
1273 4382 1430 4453 superes·

155 4470 221 4541 set,
247 4480 310 4552 pro
334 4459 513 4531 validitate
537 4470 636 4532 actus
660 4462 821 4534 standum
848 4488 923 4539 esse
944 4467 1218 4560 subiungebatur
1234 4488 1302 4538 non
1320 4463 1434 4536 solum

221 4581 307 4646 Actu,
320 4574 505 4646 lam.1,sauc.
516 4581 569 4635 111.
1213 4572 1218 4582 ’
1333 4590 1361 4636 ut
