3248 5004
321 437 484 488 astasius
501 441 597 493 suess
614 441 776 492 ostenuit!
792 445 870 495 ccco
887 448 961 496 Ano.
982 450 1063 499 tnnc
1080 455 1125 501 38.
1139 456 1269 504 uocatu.
1383 438 1429 507 illl

151 537 277 612 baberi
289 558 445 638 nequeat,
460 545 700 618 remittendum
719 549 922 645 prudentiae
948 553 1183 660 Episcoporum
1204 560 1429 660 allampadat

151 644 353 721 nutriantur
375 671 419 720 ee
441 648 520 722 aliis
542 650 638 736 olcis,
663 670 826 752 guantum
849 661 925 753 fieri
947 667 1049 758 possit
1081 666 1344 762 vegetabilibus»
1365 669 1428 746 llis

150 749 273 823 ⁴dlulll
294 757 417 826 1864.»

230 887 247 920 α
259 857 361 932 Facta
384 863 606 955 postmodum
623 865 666 940 dc
683 870 880 961 praemissis
897 871 1123 950 sanctissimo
1139 877 1286 953 Domino
1302 879 1427 958 Nostro

153 960 216 1032 Pro
240 962 344 1034 Poros
372 964 430 1037 tx.
454 989 518 1060 per
551 969 810 1067 infrascriptum
847 977 1079 1054 Secretarium
1110 985 1203 1058 ildeb
1239 988 1423 1069 relatiore.

149 1063 325 1140 Sanctitas
353 1068 422 1142 Soa
452 1074 661 1146 sententiam
694 1076 818 1152 Sacrae
849 1080 1133 1179 Congregationis
1161 1104 1271 1164 ratam
1302 1093 1425 1170 habult

153 1182 192 1242 et
215 1173 440 1247 confirmavit.
466 1175 530 1250 Die
550 1180 592 1249 tt
609 1179 731 1253 iisdem
756 1183 872 1257 Mense
889 1202 924 1260 et
942 1190 1078 1265 Anno.»

224 1275 451 1353 C.Er1scorus
474 1280 641 1356 Possunt.
672 1310 711 1357 sn
743 1287 780 1359 S.
806 1290 945 1363 Rurmss
971 1293 1073 1369 Card.
1098 1299 1229 1376 Plantas
1255 1302 1291 1376 S.
1317 1305 1361 1377 R.
1379 1306 1421 1383 (l.

151 1376 364 1455 Praefectus.

221 1487 312 1562 Loco
325 1493 369 1582 ᾖ
381 1489 476 1583 Signi

792 1595 828 1651 D.
846 1595 1010 1656 Bissonum
1029 1599 1058 1658 S.
1076 1603 1110 1657 R.
1129 1606 1158 1660 C.
1177 1605 1350 1668 secretarius.

741 1759 837 1795 ἐξ

275 1873 418 1928 Votum
440 1877 755 1942 consultorium
774 1895 1053 1959 compendium
1074 1901 1289 1962 adactum.

216 2007 521 2085 animadvertebat
544 2014 754 2107 Consultor,
780 2047 855 2097 esse
879 2028 1133 2121 ponderandam
1159 2037 1334 2116 Ecclesiae
1359 2043 1414 2113 lir-

142 2111 302 2184 mitatem
327 2113 361 2183 io
386 2119 577 2192 retinendis
601 2122 671 2196 illis
695 2131 861 2216 materiis,
880 2133 923 2204 ab
940 2137 1082 2211 exordio
1107 2141 1283 2220 Ecclesiae
1306 2149 1414 2243 ipsius

139 2216 325 2302 adhibitis,
351 2219 387 2290 in
412 2223 455 2294 iis
479 2247 570 2318 quae
594 2229 637 2301 ad
661 2255 796 2306 sacrum
822 2261 921 2309 usum
947 2257 1117 2335 spectant.
1150 2249 1293 2324 Constat
1320 2256 1413 2328 enim

141 2323 178 2391 in
202 2325 462 2414 quaestionibus
477 2351 547 2402 non
563 2332 748 2410 admodum
765 2340 1001 2428 dissimilibus,
1020 2347 1158 2422 Sacram
1175 2354 1215 2427 C.
1236 2358 1277 2428 ll.
1297 2365 1413 2453 probi-

137 2427 256 2498 buisse
279 2451 383 2500 usum
406 2455 506 2507 cerae
530 2437 635 2532 vulgo
661 2440 858 2527 Stcariaae,
886 2450 938 2519 uti
962 2451 1030 2523 iam
1056 2457 1279 2548 prohibuerat
1307 2489 1410 2541 usum

138 2533 296 2627 Gossypii
311 2545 379 2605 etc.
396 2535 431 2606 iu
448 2541 556 2612 sacris
570 2549 796 2636 paramentis,
810 2555 874 2626 boc
891 2556 1038 2631 adducta
1054 2563 1243 2660 principio,
1263 2591 1408 2665 nempe:

136 2637 227 2733 qarod
249 2659 351 2732 usque
374 2637 417 2708 al>
440 2641 611 2718 Ecclesiae
633 2651 853 2745 primordiis.
868 2713 876 2730 .
891 2714 899 2730 .
913 2713 921 2730 .
937 2662 975 2732 ob
999 2664 1107 2738 reales
1129 2682 1162 2740 et
1185 2677 1343 2768 argolicas
1364 2681 1412 2749 si·

134 2741 366 2834 gnificationes
396 2743 572 2820 inductum
604 2766 676 2837 est,
708 2760 895 2833 retineatur
918 2779 951 2837 et
973 2771 1109 2843 omnino
1138 2793 1300 2850 servetur.
1325 2781 1408 2855 Dec.

140 2845 225 2918 Gen.
240 2849 278 2916 ll
297 2844 381 2918 licii
400 2853 501 2922 l8l9.

207 2949 453 3026 Demonstrans
466 2972 988 3052 praetereaconstantem'luissc
1001 2981 1067 3054 olei
1080 2985 1248 3059 olivarum
1260 2995 1408 3065 usumin

135 3053 289 3126 Ecclesia
315 3055 349 3125 in
375 3081 413 3129 re
436 3060 479 3132 dc
503 3083 572 3156 qua
605 3068 764 3160 agimus,
798 3099 947 3172 eumque
981 3107 1083 3157 usum
1108 3095 1358 3189 praescriptum
1387 3123 1405 3170 a

135 3158 207 3230 Deo
235 3158 340 3231 luisse
369 3163 475 3233 etiam
500 3165 537 3237 in
561 3173 670 3243 veteri
696 3174 834 3253 loedere
858 3183 965 3256 Eead.
993 3189 1105 3276 XXV,
1134 3199 1153 3265 6
1177 3196 1318 3279 XXVII,
1343 3205 1404 3272 20:

133 3263 182 3331 ibi
210 3261 398 3358 «Praecipe
429 3266 509 3339 liliis
538 3271 665 3361 lsrael,
692 3293 732 3350 nt
756 3283 902 3360 offerant
933 3293 1049 3366 oleum
1073 3298 1116 3370 de
1140 3301 1319 3375 arboribus
1343 3307 1407 3377 oli·

130 3389 256 3437 rarum
279 3371 527 3461 purissimum,
553 3377 695 3473 piloque
718 3403 903 3464 contusum
935 3407 975 3467 ut
1006 3399 1124 3473 ardeat
1146 3403 1286 3480 lucerna
1318 3433 1405 3482 sem·

133 3495 219 3566 pcrs
235 3473 318 3544 item
331 3473 439 3546 Lavit.
453 3477 621 3562 xxiva:
634 3489 878 3585 subiungebat,
894 3522 962 3572 non
979 3526 1061 3576 casu
1077 3509 1270 3584 huiusmodi
1288 3516 1402 3588 oleum

132 3575 283 3648 electum
308 3601 327 3648 a
351 3578 423 3651 Deo
457 3583 588 3672 luisse,
615 3605 652 3662 et
684 3595 728 3666 ab
760 3598 937 3677 Ecclesiae
968 3610 1165 3700 primordiis
1197 3618 1231 3687 in
1265 3642 1400 3690 sacrum

130 3703 234 3750 usum
257 3682 464 3756 adhibitum.
491 3689 632 3764 Etenim
658 3699 723 3770 sub
748 3725 790 3775 co
814 3710 970 3799 symbolo
993 3721 1183 3806 generatim
1208 3723 1305 3815 plura
1326 3746 1400 3819 my·

131 3785 235 3856 steria
259 3786 480 3860 denotantur.
507 3793 606 3869 Oliva
631 3805 725 3874 enim
750 3822 803 3880 cst
827 3815 1024 3906 symbolum
1048 3825 1142 3913 pacis
1166 3825 1292 3922 Pontis.
1311 3853 1396 3900 rom.

126 3913 164 3984 p.
182 3892 203 3961 3
220 3891 256 3960 in
279 3915 424 3963 coraecr.
446 3895 669 3989 Cbrismatis,
694 3922 729 3980 et
753 3916 848 4005 pacis
873 3917 1000 4011 Regem
1027 3924 1161 4017 figurat.
1180 3931 1217 3999 lo
1238 3935 1398 4009 omnibus

125 3995 222 4066 enim
246 3998 352 4068 sacris
376 3999 492 4082 rebus,
520 4011 634 4097 prouti
661 4013 709 4084 ait
734 4033 854 4090 auctor
877 4023 954 4094 libri
979 4027 1030 4098 De
1052 4030 1176 4104 diuinis
1198 4038 1315 4130 officiis
1337 4043 1396 4134 qui

125 4099 294 4171 tribuitur
324 4103 449 4175 Albino
482 4105 508 4176 F
511 4107 605 4184 lacco
637 4116 801 4208 Alcuiuo,
837 4123 988 4201 Christus
1017 4135 1108 4206 nolis
1131 4139 1176 4208 od
1198 4145 1397 4218 memoriam

123 4204 334 4276 reducendos
357 4221 418 4278 est.

194 4310 338 4405 insuper
354 4314 388 4384 in
408 4316 577 4391 olivarum
603 4326 679 4410 oleo
704 4337 923 4425 reperiuntur
947 4341 1111 4417 sublimes
1135 4361 1397 4451 praerogativae

118 4409 282 4488 Notninis
307 4419 460 4494 eiusdem
485 4424 593 4498 divini
618 4435 1091 4534 mediatoris.S.Bernardus,
1106 4475 1217 4529 sermo
1237 4466 1277 4534 ll
1294 4489 1397 4566 arrpcr
