3248 5004
439 445 605 494 tnsrtrur.
624 446 652 492 ut
671 444 795 492 tarsos.
817 445 856 490 er
873 443 963 490 nutu.
982 443 1070 490 rnor.
1345 418 1388 487 il

121 550 265 626 ducendi
288 573 455 634 uxorem,
482 571 659 642 nunquam
682 548 900 621 existimatae
924 558 1006 618 sunt
1029 568 1153 618 causae
1176 543 1396 618 sufficientes

121 657 161 730 ad
177 659 242 728 hoo
257 654 437 727 rtneulum
461 653 698 726 relaxandum.

187 964 215 1036 1.
236 991 253 1034 r
272 966 326 1035 Au
351 961 399 1034 sit
422 960 520 1034 locus
544 960 755 1034 restitutioni
781 963 815 1032 in
841 962 1014 1055 integrum
1040 961 1075 1032 in
1099 985 1223 1034 casu.»

189 1068 232 1142 ll.
252 1094 269 1137 s
288 1070 343 1139 An
365 1076 503 1139 eonstet
518 1064 561 1136 de
577 1063 737 1136 nullitate
761 1064 983 1158 professionis
1007 1068 1043 1138 in
1068 1089 1184 1139 casu.»

192 1202 208 1242 a
228 1174 273 1246 Et
289 1184 464 1267 quatenus
479 1171 638 1264 negative
662 1171 705 1242 ad
730 1171 794 1241 ll.»

190 1278 246 1350 ΙΙΙ.
269 1303 286 1346 s
306 1283 360 1348 An
385 1273 633 1346 consulendum
657 1275 704 1344 sit
727 1274 834 1348 ssmo
858 1297 920 1368 pro
944 1275 1199 1371 dispensatione
1216 1275 1251 1347 in
1268 1298 1393 1348 oasu.»

190 1383 329 1454 Soturro
353 1378 691 1451 sostenen-Suom
715 1378 823 1473 Cong.
852 1379 925 1452 ΕΕ.
951 1392 987 1453 et
1011 1379 1087 1451 llll.
1110 1403 1212 1452 eausa
1237 1381 1395 1453 discussa

122 1489 178 1562 die
197 1489 238 1556 ta
254 1482 403 1578 Augusti
424 1484 511 1552 tuot
528 1483 663 1554 censuit
687 1484 912 1578 respondere:
931 1484 1016 1557 adl.
1036 1485 1077 1555 ll.
1096 1497 1132 1558 et
1149 1485 1206 1555 lll.
1224 1485 1392 1580 nepetino.

239 1693 293 1766 Ex
317 1717 356 1766 trs
380 1716 471 1765 rursu
496 1717 634 1766 ostreno
659 1718 814 1766 constans.

193 1801 220 1871 l.
245 1799 453 1894 Regularem
476 1813 637 1894 agentem
661 1814 780 1874 contra
804 1823 902 1874 suam
923 1800 1170 1895 professionem
1195 1801 1304 1875 audiri
1322 1825 1395 1874 non

124 1907 252 1980 debere
275 1929 295 1978 a
318 1906 490 1979 iudicibus
514 1907 715 1993 ordinariis,
741 1907 771 1978 si
795 1907 950 2002 elapsum
980 1907 1027 1978 sit
1049 1907 1324 2002 quinquennium
1348 1908 1397 1980 ab

123 2013 250 2087 emissa
273 2011 498 2106 professione.

195 2118 239 2189 ll.
263 2117 377 2206 Quare
400 2133 441 2191 ut
464 2142 565 2213 agere
588 2119 699 2214 possit
722 2142 785 2213 pro
809 2118 1031 2212 professionis
1055 2117 1214 2190 nullitate
1254 2117 1394 2192 debota

121 2223 157 2296 S.
188 2222 275 2295 Sede
305 2222 491 2317 implorare
524 2223 835 2297 extraordinarium
859 2221 1065 2295 beneficium
1090 2223 1322 2296 restitutionis
1357 2223 1396 2294 in

125 2331 299 2419 integrum
323 2329 487 2402 adversus
511 2329 647 2423 lapsum
669 2329 909 2424 quinquennii.

198 2433 254 2506 lll.
279 2433 351 2506 lloc
374 2433 581 2508 beneficium
604 2458 687 2508 vero
711 2457 779 2506 non
804 2433 966 2521 concedi,
986 2431 1051 2504 nisi
1071 2444 1206 2506 oonstet
1223 2434 1399 2506 decausis

122 2536 302 2630 legitimis,
326 2551 468 2634 propter
489 2561 577 2632 quas
599 2540 691 2611 intra
715 2539 801 2612 utile
824 2537 1098 2633 quinquennium
1123 2536 1310 2610 reclamare
1328 2537 1398 2609 lle·

123 2642 253 2735 gularis
284 2665 352 2717 non
381 2645 555 2739 potuerit,
581 2657 617 2720 et
640 2646 791 2718 maxime
816 2647 844 2715 si
869 2667 938 2715 non
961 2654 1099 2716 constet
1121 2644 1164 2716 de
1188 2643 1280 2716 bono
1305 2644 1397 2725 iure,

123 2769 193 2840 quo
217 2749 292 2842 ipse
316 2751 368 2822 uti
392 2749 504 2824 valeat
528 2762 649 2824 contra
673 2771 771 2824 suam
793 2749 1062 2844 professionem,
1089 2761 1314 2844 posteaquam
1329 2748 1396 2821 lroo

123 2852 329 2926 beneficium
346 2854 576 2929 restitutionis
599 2854 790 2928 obtinuerit
807 2855 870 2947 (l).

197 2959 254 3031 tv.
279 2957 429 3054 Colliges
446 2961 564 3046 etiam,
576 2960 710 3032 irritam
726 2959 892 3032 declarari
913 2983 981 3033 non
1001 2959 1127 3033 debere
1145 2957 1398 3052 professionem

126 3063 322 3157 religiosam
345 3089 390 3139 ex
413 3067 448 3137 vi
472 3078 508 3140 et
531 3078 643 3150 metu,
669 3065 736 3136 nisi
759 3064 828 3137 duo
851 3065 935 3137 haee
960 3062 1064 3136 simul
1087 3063 1196 3133 firmis
1220 3061 1398 3156 probatio·

125 3169 229 3242 nibus
250 3171 551 3258 demonstrentur,
578 3192 702 3266 nempe
725 3173 759 3261 o)
791 3170 861 3241 vim
886 3181 922 3242 et
945 3182 1078 3243 metum
1110 3169 1217 3240 luisse
1240 3191 1397 3260 gravem,

126 3288 163 3350 et
179 3274 359 3349 uadentem
384 3277 420 3362 in
442 3287 661 3350 constantem
677 3275 804 3360 virum,
823 3277 871 3368 (2)
887 3285 923 3347 et
937 3273 970 3366 d)
985 3274 1161 3344 ineassum
1178 3271 1285 3344 fuisse
1301 3294 1398 3365 prae·

175 3473 212 3537 (t)
228 3471 381 3528 Secundum
397 3470 621 3528 Conmitutionem
633 3473 665 3528 St
681 3471 735 3527 ds·
786 3468 842 3526 fere
859 3469 982 3525 inutilem
1001 3482 1098 3524 musae
1115 3482 1287 3536 regressum,
1310 3474 1397 3522 totam

125 3564 196 3622 mm,
210 3569 272 3611 eum
286 3571 302 3612 a
315 3557 343 3612 S.
357 3553 425 3610 Sede
440 3553 644 3610 concediturin
664 3555 735 3611 lote-
786 3570 896 3610 oausam
915 3552 1087 3608 iudicandam
1106 3555 1248 3608 remittunt
1264 3555 1292 3608 s.
1314 3551 1399 3616 Sedu

122 3654 202 3710 grum
213 3641 358 3707 restitutio,
365 3647 576 3697 oenseturoeuse
587 3654 668 3710 snper
677 3655 734 3709 pro·
787 3637 855 3694 adeo
867 3647 898 3698 ut
911 3637 1031 3704 videatur
1044 3637 1123 3694 modo
1136 3639 1223 3709 praxis
1236 3636 1316 3692 veluti
1331 3653 1398 3693 oon·

122 3720 250 3780 kssiouis
268 3725 392 3781 nullitate
409 3725 485 3794 quasi
498 3721 620 3788 definitae
634 3724 736 3780 iudices
788 3733 865 3780 stans
882 3738 934 3794 que
953 3738 1014 3778 oum
1034 3724 1133 3794 petitur
1144 3739 1158 3778 e
1171 3725 1198 3778 S.
1207 3723 1274 3778 Sede
1287 3725 1315 3777 in
1331 3723 1400 3776 inte·

123 3802 570 3879 tamenordinarii,quibuaeausa
581 3808 736 3878 remittitur,
786 3807 865 3880 grum
886 3808 1020 3864 restitutio
1046 3810 1075 3864 S.
1094 3807 1177 3865 Sedes
1198 3808 1315 3864 iudicare
1330 3809 1400 3862 solet

121 3887 252 3948 deberent
266 3902 348 3963 super
359 3891 483 3948 nullitate
495 3891 626 3949 iudicare.
637 3895 735 3949 ilerum
786 3896 869 3950 etlam
887 3908 968 3964 super
984 3894 1067 3951 dnbio
1090 3894 1123 3950 de
1143 3893 1316 3965 professionis
1338 3893 1401 3948 nul·

122 3977 735 4049 qnandopraeterrestitutioiteminintegrum
787 3979 873 4035 litate.

122 4061 225 4128 petitur
235 4061 363 4118 s-S.Sede
372 4062 452 4117 etiam
465 4061 639 4134 dispensatio,
649 4063 736 4134 prouti
851 4069 887 4130 (t)
904 4064 971 4120 Cum
984 4063 1012 4120 ln
1025 4065 1082 4120 iure
1094 4064 1182 4134 gravis
1196 4071 1288 4118 metus
1306 4061 1400 4133 aliquo

120 4146 151 4199 in
170 4161 256 4213 mon,
273 4147 302 4204 S.
321 4145 402 4204 Sed
413 4145 627 4220 edseintegram
646 4157 738 4204 aroeat
789 4147 868 4204 modo
886 4147 1099 4216 determinetur,
1116 4157 1143 4203 et
1159 4145 1267 4202 dicatur
1289 4147 1335 4202 iile
1353 4147 1400 4218 qui

120 4231 737 4288 eausam.ltsmeumaliaeeonenrrantextra·
789 4231 861 4289 eadit
879 4233 906 4288 in
925 4242 1092 4289 constantem
1111 4233 1217 4300 virum,
1235 4232 1352 4287 traditur
1366 4233 1401 4286 il·

121 4313 402 4373 ordinariaemtiones
410 4331 520 4374 musam
531 4317 662 4387 integram
675 4333 737 4374 nvo·
789 4318 823 4374 lis
841 4318 926 4374 verbis
939 4318 1070 4390 quaedem
1084 4319 1176 4387 regula
1189 4333 1258 4389 quoe
1274 4317 1390 4388 singulis

118 4399 287 4458 eanditnee
306 4419 359 4458 non
380 4417 442 4458 rum
465 4404 630 4474 postulantes
649 4412 676 4458 et
693 4405 735 4458 lu·
788 4404 815 4464 ln
834 4402 953 4466 casibus,
972 4401 1107 4458 adiunctis
1134 4401 1282 4458 individuis
1311 4417 1401 4472 perso·

119 4482 196 4541 diues
209 4485 407 4554 inferiores,uti
417 4487 526 4558 assolet,
537 4487 735 4545 oderitandum
788 4503 884 4545 narum
908 4488 1034 4561 spectatis
1052 4487 1211 4560 applicanda
1224 4495 1264 4544 est
1275 4486 1402 4560 prudenti
