<?xml version="1.0" encoding="UTF-8"?>
<!DOCTYPE html PUBLIC "-//W3C//DTD XHTML 1.0 Transitional//EN"
    "http://www.w3.org/TR/xhtml1/DTD/xhtml1-transitional.dtd">
<html xmlns="http://www.w3.org/1999/xhtml" xml:lang="en" lang="en">
 <head>
  <title>
</title>
<meta http-equiv="Content-Type" content="text/html;charset=utf-8" />
  <meta name='ocr-system' content='tesseract 3.04.00' />
  <meta name='ocr-capabilities' content='ocr_page ocr_carea ocr_par ocr_line ocrx_word'/>
</head>
<body>
  <div class='ocr_page' id='page_1' title='image "actasanctaesedi00ixgoog_0159.png"; bbox 0 0 3282 5008; ppageno 0'>
   <div class='ocr_carea' id='block_1_1' title="bbox 221 411 1187 488">
    <p class='ocr_par' dir='ltr' id='par_1_1' title="bbox 221 411 1187 488">
     <span class='ocr_line' id='line_1_1' title="bbox 221 411 1187 488; baseline 0.011 -12"><span class='ocrx_word' id='word_1_1' title='bbox 221 411 287 478; x_wconf 69' lang='grc'><strong>154</strong></span> <span class='ocrx_word' id='word_1_2' title='bbox 520 435 617 482; x_wconf 75' lang='lat' dir='ltr'><strong>sures</strong></span> <span class='ocrx_word' id='word_1_3' title='bbox 636 437 821 486; x_wconf 69' lang='lat' dir='ltr'><strong>battuebat.</strong></span> <span class='ocrx_word' id='word_1_4' title='bbox 836 440 936 487; x_wconf 74' lang='lat' dir='ltr'><strong>Cbl’ll&#39;·</strong></span> <span class='ocrx_word' id='word_1_5' title='bbox 951 441 987 488; x_wconf 74' lang='lat' dir='ltr'><strong>Ac</strong></span> <span class='ocrx_word' id='word_1_6' title='bbox 1006 441 1187 488; x_wconf 78' lang='grc' dir='ltr'>ΝΟΙΙΝΑῘΊΙ.</span> 
     </span>
    </p>
   </div>
   <div class='ocr_carea' id='block_1_2' title="bbox 195 531 1489 4527">
    <p class='ocr_par' dir='ltr' id='par_1_2' title="bbox 204 531 1489 2106">
     <span class='ocr_line' id='line_1_2' title="bbox 215 531 1489 638; baseline 0.013 -35"><span class='ocrx_word' id='word_1_7' title='bbox 215 531 378 627; x_wconf 89' lang='lat' dir='ltr'><strong>Capitale</strong></span> <span class='ocrx_word' id='word_1_8' title='bbox 401 535 603 629; x_wconf 88' lang='lat' dir='ltr'><strong>impositum</strong></span> <span class='ocrx_word' id='word_1_9' title='bbox 629 540 760 632; x_wconf 80' lang='lat' dir='ltr'><strong>luerat)</strong></span> <span class='ocrx_word' id='word_1_10' title='bbox 786 565 826 612; x_wconf 89' lang='lat' dir='ltr'><strong>ac</strong></span> <span class='ocrx_word' id='word_1_11' title='bbox 843 542 989 637; x_wconf 91' lang='lat' dir='ltr'><strong>denique</strong></span> <span class='ocrx_word' id='word_1_12' title='bbox 1006 556 1140 616; x_wconf 90' lang='lat' dir='ltr'><strong>certum</strong></span> <span class='ocrx_word' id='word_1_13' title='bbox 1161 546 1343 638; x_wconf 85' lang='lat' dir='ltr'><strong>quemdam</strong></span> <span class='ocrx_word' id='word_1_14' title='bbox 1366 547 1489 619; x_wconf 86' lang='lat' dir='ltr'><strong>missa·</strong></span> 
     </span>
     <span class='ocr_line' id='line_1_3' title="bbox 215 648 1486 746; baseline 0.013 -39"><span class='ocrx_word' id='word_1_15' title='bbox 215 661 291 709; x_wconf 90' lang='lat' dir='ltr'><strong>rnm</strong></span> <span class='ocrx_word' id='word_1_16' title='bbox 310 665 505 727; x_wconf 87' lang='lat' dir='ltr'><strong>numeram,</strong></span> <span class='ocrx_word' id='word_1_17' title='bbox 526 670 586 738; x_wconf 91' lang='lat' dir='ltr'><strong>per</strong></span> <span class='ocrx_word' id='word_1_18' title='bbox 601 670 638 718; x_wconf 89' lang='lat' dir='ltr'><strong>se</strong></span> <span class='ocrx_word' id='word_1_19' title='bbox 654 648 708 718; x_wconf 89' lang='lat' dir='ltr'><strong>vel</strong></span> <span class='ocrx_word' id='word_1_20' title='bbox 727 672 789 742; x_wconf 93' lang='lat' dir='ltr'><strong>per</strong></span> <span class='ocrx_word' id='word_1_21' title='bbox 804 650 922 734; x_wconf 92' lang='lat' dir='ltr'><strong>alium,</strong></span> <span class='ocrx_word' id='word_1_22' title='bbox 938 650 1141 724; x_wconf 77' lang='lat' dir='ltr'><strong>celebraret.</strong></span> <span class='ocrx_word' id='word_1_23' title='bbox 1155 651 1252 738; x_wconf 87' lang='lat' dir='ltr'><strong>Quod</strong></span> <span class='ocrx_word' id='word_1_24' title='bbox 1276 653 1427 746; x_wconf 80' lang='lat' dir='ltr'><strong>pertinet</strong></span> <span class='ocrx_word' id='word_1_25' title='bbox 1443 654 1486 724; x_wconf 89' lang='lat' dir='ltr'><strong>ad</strong></span> 
     </span>
     <span class='ocr_line' id='line_1_4' title="bbox 214 747 1487 850; baseline 0.01 -36"><span class='ocrx_word' id='word_1_26' title='bbox 214 747 390 836; x_wconf 85' lang='lat' dir='ltr'><strong>passivum</strong></span> <span class='ocrx_word' id='word_1_27' title='bbox 415 752 568 822; x_wconf 89' lang='lat' dir='ltr'><strong>eiusdem</strong></span> <span class='ocrx_word' id='word_1_28' title='bbox 593 751 813 844; x_wconf 72' lang='lat' dir='ltr'><strong>capellaniae</strong></span> <span class='ocrx_word' id='word_1_29' title='bbox 837 767 1075 849; x_wconf 87' lang='lat' dir='ltr'><strong>patronatum,</strong></span> <span class='ocrx_word' id='word_1_30' title='bbox 1095 779 1154 828; x_wconf 87' lang='lat' dir='ltr'><strong>seu</strong></span> <span class='ocrx_word' id='word_1_31' title='bbox 1175 757 1348 850; x_wconf 89' lang='lat' dir='ltr'><strong>Capeliani</strong></span> <span class='ocrx_word' id='word_1_32' title='bbox 1375 759 1487 829; x_wconf 92' lang='lat' dir='ltr'><strong>nomi-</strong></span> 
     </span>
     <span class='ocr_line' id='line_1_5' title="bbox 212 853 1485 943; baseline 0.011 -24"><span class='ocrx_word' id='word_1_33' title='bbox 212 853 403 935; x_wconf 82' lang='lat' dir='ltr'><strong>nationem,</strong></span> <span class='ocrx_word' id='word_1_34' title='bbox 418 869 558 926; x_wconf 88' lang='lat' dir='ltr'><strong>cautum</strong></span> <span class='ocrx_word' id='word_1_35' title='bbox 576 856 641 927; x_wconf 87' lang='lat' dir='ltr'><strong>suit</strong></span> <span class='ocrx_word' id='word_1_36' title='bbox 659 881 701 928; x_wconf 89' lang='lat' dir='ltr'><strong>ex</strong></span> <span class='ocrx_word' id='word_1_37' title='bbox 720 859 897 933; x_wconf 90' lang='lat' dir='ltr'><strong>voluntate</strong></span> <span class='ocrx_word' id='word_1_38' title='bbox 913 859 1039 943; x_wconf 89' lang='lat' dir='ltr'><strong>Caroli,</strong></span> <span class='ocrx_word' id='word_1_39' title='bbox 1059 876 1099 930; x_wconf 91' lang='lat' dir='ltr'><strong>ut</strong></span> <span class='ocrx_word' id='word_1_40' title='bbox 1124 860 1214 933; x_wconf 91' lang='lat' dir='ltr'><strong>idem</strong></span> <span class='ocrx_word' id='word_1_41' title='bbox 1239 864 1291 932; x_wconf 90' lang='lat' dir='ltr'><strong>ius</strong></span> <span class='ocrx_word' id='word_1_42' title='bbox 1309 860 1485 934; x_wconf 91' lang='lat' dir='ltr'><strong>Canonico</strong></span> 
     </span>
     <span class='ocr_line' id='line_1_6' title="bbox 213 959 1480 1058; baseline 0.008 -31"><span class='ocrx_word' id='word_1_43' title='bbox 213 959 389 1028; x_wconf 75' lang='lat' dir='ltr'><strong>executori</strong></span> <span class='ocrx_word' id='word_1_44' title='bbox 421 962 681 1032; x_wconf 89' lang='lat' dir='ltr'><strong>testamentario</strong></span> <span class='ocrx_word' id='word_1_45' title='bbox 710 977 948 1054; x_wconf 87' lang='lat' dir='ltr'><strong>competeret,</strong></span> <span class='ocrx_word' id='word_1_46' title='bbox 985 966 1097 1058; x_wconf 91' lang='lat' dir='ltr'><strong>quoad</strong></span> <span class='ocrx_word' id='word_1_47' title='bbox 1126 967 1199 1058; x_wconf 92' lang='lat' dir='ltr'><strong>ipse</strong></span> <span class='ocrx_word' id='word_1_48' title='bbox 1227 967 1296 1036; x_wconf 83' lang='lat' dir='ltr'><strong>vita</strong></span> <span class='ocrx_word' id='word_1_49' title='bbox 1326 968 1480 1050; x_wconf 88' lang='lat' dir='ltr'><strong>viveret,</strong></span> 
     </span>
     <span class='ocr_line' id='line_1_7' title="bbox 210 1063 1484 1164; baseline 0.009 -33"><span class='ocrx_word' id='word_1_50' title='bbox 210 1063 296 1154; x_wconf 92' lang='lat' dir='ltr'><strong>quin</strong></span> <span class='ocrx_word' id='word_1_51' title='bbox 315 1063 386 1134; x_wconf 90' lang='lat' dir='ltr'><strong>allo</strong></span> <span class='ocrx_word' id='word_1_52' title='bbox 404 1066 459 1135; x_wconf 93' lang='lat' dir='ltr'><strong>bic</strong></span> <span class='ocrx_word' id='word_1_53' title='bbox 479 1067 614 1137; x_wconf 91' lang='lat' dir='ltr'><strong>vinculo</strong></span> <span class='ocrx_word' id='word_1_54' title='bbox 639 1080 818 1141; x_wconf 83' lang='lat' dir='ltr'><strong>teneretur·</strong></span> <span class='ocrx_word' id='word_1_55' title='bbox 841 1071 1043 1142; x_wconf 89' lang='lat' dir='ltr'><strong>observandi</strong></span> <span class='ocrx_word' id='word_1_56' title='bbox 1068 1072 1282 1143; x_wconf 89' lang='lat' dir='ltr'><strong>conditiones</strong></span> <span class='ocrx_word' id='word_1_57' title='bbox 1297 1071 1484 1164; x_wconf 83' lang='lat' dir='ltr'><strong>Capeliano</strong></span> 
     </span>
     <span class='ocr_line' id='line_1_8' title="bbox 211 1169 1484 1266; baseline 0.008 -29"><span class='ocrx_word' id='word_1_58' title='bbox 211 1169 449 1263; x_wconf 88' lang='lat' dir='ltr'><strong>imponendas.</strong></span> <span class='ocrx_word' id='word_1_59' title='bbox 475 1172 704 1266; x_wconf 82' lang='lat' dir='ltr'><strong>Posteaquam</strong></span> <span class='ocrx_word' id='word_1_60' title='bbox 737 1198 818 1247; x_wconf 90' lang='lat' dir='ltr'><strong>vero</strong></span> <span class='ocrx_word' id='word_1_61' title='bbox 841 1175 1035 1248; x_wconf 90' lang='lat' dir='ltr'><strong>Canonicus</strong></span> <span class='ocrx_word' id='word_1_62' title='bbox 1066 1190 1233 1248; x_wconf 89' lang='lat' dir='ltr'><strong>executor</strong></span> <span class='ocrx_word' id='word_1_63' title='bbox 1262 1190 1484 1248; x_wconf 88' lang='lat' dir='ltr'><strong>testamenta-</strong></span> 
     </span>
     <span class='ocr_line' id='line_1_9' title="bbox 210 1277 1483 1376; baseline 0.008 -33"><span class='ocrx_word' id='word_1_64' title='bbox 210 1277 284 1345; x_wconf 85' lang='lat' dir='ltr'><strong>rius</strong></span> <span class='ocrx_word' id='word_1_65' title='bbox 309 1299 339 1348; x_wconf 92' lang='lat' dir='ltr'><strong>e·</strong></span> <span class='ocrx_word' id='word_1_66' title='bbox 354 1277 424 1346; x_wconf 85' lang='lat' dir='ltr'><strong>vita</strong></span> <span class='ocrx_word' id='word_1_67' title='bbox 449 1280 683 1371; x_wconf 82' lang='lat' dir='ltr'><strong>migravisset,</strong></span> <span class='ocrx_word' id='word_1_68' title='bbox 701 1292 872 1351; x_wconf 90' lang='lat' dir='ltr'><strong>statutum</strong></span> <span class='ocrx_word' id='word_1_69' title='bbox 897 1283 983 1364; x_wconf 89' lang='lat' dir='ltr'><strong>luit,</strong></span> <span class='ocrx_word' id='word_1_70' title='bbox 1001 1296 1040 1352; x_wconf 91' lang='lat' dir='ltr'><strong>ut</strong></span> <span class='ocrx_word' id='word_1_71' title='bbox 1064 1284 1118 1352; x_wconf 91' lang='lat' dir='ltr'><strong>ius</strong></span> <span class='ocrx_word' id='word_1_72' title='bbox 1143 1283 1338 1354; x_wconf 91' lang='lat' dir='ltr'><strong>nominandi</strong></span> <span class='ocrx_word' id='word_1_73' title='bbox 1359 1283 1483 1376; x_wconf 89' lang='lat' dir='ltr'><strong>Capel-</strong></span> 
     </span>
     <span class='ocr_line' id='line_1_10' title="bbox 209 1381 1475 1481; baseline 0.009 -35"><span class='ocrx_word' id='word_1_74' title='bbox 209 1381 327 1449; x_wconf 88' lang='lat' dir='ltr'><strong>ianum</strong></span> <span class='ocrx_word' id='word_1_75' title='bbox 345 1382 386 1450; x_wconf 93' lang='lat' dir='ltr'><strong>ad</strong></span> <span class='ocrx_word' id='word_1_76' title='bbox 405 1385 602 1454; x_wconf 88' lang='lat' dir='ltr'><strong>universum</strong></span> <span class='ocrx_word' id='word_1_77' title='bbox 627 1386 822 1476; x_wconf 86' lang='lat' dir='ltr'><strong>praedictae</strong></span> <span class='ocrx_word' id='word_1_78' title='bbox 847 1387 1054 1458; x_wconf 89' lang='lat' dir='ltr'><strong>cathedralis</strong></span> <span class='ocrx_word' id='word_1_79' title='bbox 1069 1387 1268 1481; x_wconf 83' lang='lat' dir='ltr'><strong>Capitulum</strong></span> <span class='ocrx_word' id='word_1_80' title='bbox 1290 1388 1475 1469; x_wconf 85' lang='lat' dir='ltr'><strong>recideret,</strong></span> 
     </span>
     <span class='ocr_line' id='line_1_11' title="bbox 206 1485 1478 1586; baseline 0.009 -34"><span class='ocrx_word' id='word_1_81' title='bbox 206 1485 342 1556; x_wconf 88' lang='lat' dir='ltr'><strong>adiecta</strong></span> <span class='ocrx_word' id='word_1_82' title='bbox 356 1486 446 1579; x_wconf 70' lang='lat' dir='ltr'><strong>lege,</strong></span> <span class='ocrx_word' id='word_1_83' title='bbox 466 1501 505 1558; x_wconf 89' lang='lat' dir='ltr'><strong>at</strong></span> <span class='ocrx_word' id='word_1_84' title='bbox 522 1489 684 1562; x_wconf 90' lang='lat' dir='ltr'><strong>Canoniei</strong></span> <span class='ocrx_word' id='word_1_85' title='bbox 702 1491 876 1562; x_wconf 91' lang='lat' dir='ltr'><strong>Clericum</strong></span> <span class='ocrx_word' id='word_1_86' title='bbox 896 1494 1061 1586; x_wconf 75' lang='lat' dir='ltr'><strong>eligerent</strong></span> <span class='ocrx_word' id='word_1_87' title='bbox 1079 1495 1113 1562; x_wconf 93' lang='lat' dir='ltr'><strong>in</strong></span> <span class='ocrx_word' id='word_1_88' title='bbox 1130 1518 1169 1564; x_wconf 89' lang='lat' dir='ltr'><strong>ea</strong></span> <span class='ocrx_word' id='word_1_89' title='bbox 1188 1496 1328 1565; x_wconf 90' lang='lat' dir='ltr'><strong>civitate</strong></span> <span class='ocrx_word' id='word_1_90' title='bbox 1345 1508 1478 1576; x_wconf 89' lang='lat' dir='ltr'><strong>natum,</strong></span> 
     </span>
     <span class='ocr_line' id='line_1_12' title="bbox 206 1590 1481 1691; baseline 0.008 -33"><span class='ocrx_word' id='word_1_91' title='bbox 206 1613 247 1658; x_wconf 90' lang='lat' dir='ltr'><strong>ac</strong></span> <span class='ocrx_word' id='word_1_92' title='bbox 274 1590 487 1662; x_wconf 89' lang='lat' dir='ltr'><strong>domicilium</strong></span> <span class='ocrx_word' id='word_1_93' title='bbox 513 1594 714 1675; x_wconf 84' lang='lat' dir='ltr'><strong>habentem,</strong></span> <span class='ocrx_word' id='word_1_94' title='bbox 732 1596 845 1667; x_wconf 85' lang='lat' dir='ltr'><strong>Sacris</strong></span> <span class='ocrx_word' id='word_1_95' title='bbox 861 1597 1048 1668; x_wconf 89' lang='lat' dir='ltr'><strong>Ordinibus</strong></span> <span class='ocrx_word' id='word_1_96' title='bbox 1064 1598 1279 1691; x_wconf 91' lang='lat' dir='ltr'><strong>proximum,</strong></span> <span class='ocrx_word' id='word_1_97' title='bbox 1297 1598 1395 1669; x_wconf 91' lang='lat' dir='ltr'><strong>bonis</strong></span> <span class='ocrx_word' id='word_1_98' title='bbox 1413 1621 1481 1668; x_wconf 74' lang='lat' dir='ltr'><strong>mri-</strong></span> 
     </span>
     <span class='ocr_line' id='line_1_13' title="bbox 207 1694 1477 1824; baseline 0.008 -62"><span class='ocrx_word' id='word_1_99' title='bbox 207 1694 304 1764; x_wconf 86' lang='lat' dir='ltr'><strong>ribus</strong></span> <span class='ocrx_word' id='word_1_100' title='bbox 322 1697 528 1788; x_wconf 88' lang='lat' dir='ltr'><strong>praeditum,</strong></span> <span class='ocrx_word' id='word_1_101' title='bbox 548 1722 761 1824; x_wconf 86' lang='lat' dir='ltr'><strong>pauperem,</strong></span> <span class='ocrx_word' id='word_1_102' title='bbox 766 1724 805 1771; x_wconf 94' lang='lat' dir='ltr'><strong>ac</strong></span> <span class='ocrx_word' id='word_1_103' title='bbox 821 1703 1030 1793; x_wconf 90' lang='lat' dir='ltr'><strong>patrimonio</strong></span> <span class='ocrx_word' id='word_1_104' title='bbox 1047 1726 1142 1774; x_wconf 84' lang='lat' dir='ltr'><strong>sacro</strong></span> <span class='ocrx_word' id='word_1_105' title='bbox 1158 1702 1384 1788; x_wconf 88' lang='lat' dir='ltr'><strong>destitutum;</strong></span> <span class='ocrx_word' id='word_1_106' title='bbox 1400 1705 1477 1795; x_wconf 92' lang='lat' dir='ltr'><strong>qui,</strong></span> 
     </span>
     <span class='ocr_line' id='line_1_14' title="bbox 205 1800 1480 1902; baseline 0.01 -36"><span class='ocrx_word' id='word_1_107' title='bbox 205 1800 390 1893; x_wconf 77' lang='lat' dir='ltr'><strong>siquando</strong></span> <span class='ocrx_word' id='word_1_108' title='bbox 414 1806 621 1896; x_wconf 89' lang='lat' dir='ltr'><strong>patrimonio</strong></span> <span class='ocrx_word' id='word_1_109' title='bbox 646 1807 802 1899; x_wconf 89' lang='lat' dir='ltr'><strong>proprio,</strong></span> <span class='ocrx_word' id='word_1_110' title='bbox 823 1807 1008 1890; x_wconf 86' lang='lat' dir='ltr'><strong>beneficio,</strong></span> <span class='ocrx_word' id='word_1_111' title='bbox 1029 1809 1082 1880; x_wconf 91' lang='lat' dir='ltr'><strong>vel</strong></span> <span class='ocrx_word' id='word_1_112' title='bbox 1099 1809 1263 1902; x_wconf 90' lang='lat' dir='ltr'><strong>pensione</strong></span> <span class='ocrx_word' id='word_1_113' title='bbox 1287 1822 1408 1880; x_wconf 91' lang='lat' dir='ltr'><strong>auctus</strong></span> <span class='ocrx_word' id='word_1_114' title='bbox 1430 1809 1480 1880; x_wconf 88' lang='lat' dir='ltr'><strong>lo·</strong></span> 
     </span>
     <span class='ocr_line' id='line_1_15' title="bbox 204 1907 1480 2040; baseline 0.008 -66"><span class='ocrx_word' id='word_1_115' title='bbox 204 1920 276 1990; x_wconf 89' lang='lat' dir='ltr'><strong>ret,</strong></span> <span class='ocrx_word' id='word_1_116' title='bbox 295 1908 388 1979; x_wconf 85' lang='lat' dir='ltr'><strong>nulla</strong></span> <span class='ocrx_word' id='word_1_117' title='bbox 413 1907 689 2003; x_wconf 86' lang='lat' dir='ltr'><strong>interpellatione</strong></span> <span class='ocrx_word' id='word_1_118' title='bbox 714 1935 880 1995; x_wconf 90' lang='lat' dir='ltr'><strong>morae,e</strong></span> <span class='ocrx_word' id='word_1_119' title='bbox 903 1913 1101 2040; x_wconf 90' lang='lat' dir='ltr'><strong>Capellania</strong></span> <span class='ocrx_word' id='word_1_120' title='bbox 1124 1912 1314 1996; x_wconf 90' lang='lat' dir='ltr'><strong>decideret,</strong></span> <span class='ocrx_word' id='word_1_121' title='bbox 1335 1927 1371 1986; x_wconf 90' lang='lat' dir='ltr'><strong>et</strong></span> <span class='ocrx_word' id='word_1_122' title='bbox 1394 1914 1480 1986; x_wconf 90' lang='lat' dir='ltr'><strong>alter</strong></span> 
     </span>
     <span class='ocr_line' id='line_1_16' title="bbox 206 2011 765 2106; baseline 0.011 -28"><span class='ocrx_word' id='word_1_123' title='bbox 206 2011 241 2078; x_wconf 92' lang='lat' dir='ltr'><strong>in</strong></span> <span class='ocrx_word' id='word_1_124' title='bbox 269 2013 344 2082; x_wconf 92' lang='lat' dir='ltr'><strong>eius</strong></span> <span class='ocrx_word' id='word_1_125' title='bbox 370 2013 482 2085; x_wconf 90' lang='lat' dir='ltr'><strong>locum</strong></span> <span class='ocrx_word' id='word_1_126' title='bbox 509 2014 765 2106; x_wconf 76' lang='lat' dir='ltr'><strong>subrogaretur.</strong></span> 
     </span>
    </p>

    <p class='ocr_par' dir='ltr' id='par_1_3' title="bbox 195 2115 1480 4527">
     <span class='ocr_line' id='line_1_17' title="bbox 280 2115 1476 2204; baseline 0.007 -19"><span class='ocrx_word' id='word_1_127' title='bbox 280 2115 470 2187; x_wconf 83' lang='lat' dir='ltr'><strong>Testatoris</strong></span> <span class='ocrx_word' id='word_1_128' title='bbox 487 2119 664 2190; x_wconf 89' lang='lat' dir='ltr'><strong>voluntate</strong></span> <span class='ocrx_word' id='word_1_129' title='bbox 681 2120 999 2191; x_wconf 89' lang='lat' dir='ltr'><strong>cumulatissime</strong></span> <span class='ocrx_word' id='word_1_130' title='bbox 971 2143 1021 2191; x_wconf 80' lang='lat' dir='ltr'><strong>arc</strong></span> <span class='ocrx_word' id='word_1_131' title='bbox 1041 2121 1235 2194; x_wconf 81' lang='lat' dir='ltr'><strong>executioni</strong></span> <span class='ocrx_word' id='word_1_132' title='bbox 1256 2121 1476 2204; x_wconf 91' lang='lat' dir='ltr'><strong>demandata,</strong></span> 
     </span>
     <span class='ocr_line' id='line_1_18' title="bbox 206 2220 1477 2319; baseline 0.006 -31"><span class='ocrx_word' id='word_1_133' title='bbox 206 2220 342 2311; x_wconf 89' lang='lat' dir='ltr'><strong>primus</strong></span> <span class='ocrx_word' id='word_1_134' title='bbox 366 2223 407 2291; x_wconf 91' lang='lat' dir='ltr'><strong>ad</strong></span> <span class='ocrx_word' id='word_1_135' title='bbox 431 2245 507 2293; x_wconf 91' lang='lat' dir='ltr'><strong>eam</strong></span> <span class='ocrx_word' id='word_1_136' title='bbox 533 2222 766 2314; x_wconf 73' lang='lat' dir='ltr'><strong>capellaniam</strong></span> <span class='ocrx_word' id='word_1_137' title='bbox 793 2225 1014 2296; x_wconf 88' lang='lat' dir='ltr'><strong>renunciatus</strong></span> <span class='ocrx_word' id='word_1_138' title='bbox 1038 2238 1092 2296; x_wconf 90' lang='lat' dir='ltr'><strong>est</strong></span> <span class='ocrx_word' id='word_1_139' title='bbox 1118 2225 1288 2318; x_wconf 76' lang='lat' dir='ltr'><strong>Angelus,</strong></span> <span class='ocrx_word' id='word_1_140' title='bbox 1314 2229 1373 2319; x_wconf 92' lang='lat' dir='ltr'><strong>qui</strong></span> <span class='ocrx_word' id='word_1_141' title='bbox 1400 2250 1477 2298; x_wconf 94' lang='lat' dir='ltr'><strong>cum</strong></span> 
     </span>
     <span class='ocr_line' id='line_1_19' title="bbox 206 2324 1479 2426; baseline 0.009 -34"><span class='ocrx_word' id='word_1_142' title='bbox 206 2324 276 2395; x_wconf 87' lang='lat' dir='ltr'><strong>alia</strong></span> <span class='ocrx_word' id='word_1_143' title='bbox 300 2326 367 2398; x_wconf 91' lang='lat' dir='ltr'><strong>duo</strong></span> <span class='ocrx_word' id='word_1_144' title='bbox 392 2351 540 2420; x_wconf 77' lang='lat' dir='ltr'><strong>congrua</strong></span> <span class='ocrx_word' id='word_1_145' title='bbox 566 2329 730 2401; x_wconf 76' lang='lat' dir='ltr'><strong>beneficia</strong></span> <span class='ocrx_word' id='word_1_146' title='bbox 756 2353 846 2402; x_wconf 90' lang='lat' dir='ltr'><strong>anno</strong></span> <span class='ocrx_word' id='word_1_147' title='bbox 875 2335 962 2402; x_wconf 78' lang='lat' dir='ltr'><strong>tsttt</strong></span> <span class='ocrx_word' id='word_1_148' title='bbox 988 2346 1194 2403; x_wconf 88' lang='lat' dir='ltr'><strong>consecutus</strong></span> <span class='ocrx_word' id='word_1_149' title='bbox 1218 2343 1329 2412; x_wconf 90' lang='lat' dir='ltr'><strong>esset,</strong></span> <span class='ocrx_word' id='word_1_150' title='bbox 1357 2347 1479 2426; x_wconf 92' lang='lat' dir='ltr'><strong>sponte</strong></span> 
     </span>
     <span class='ocr_line' id='line_1_20' title="bbox 201 2430 1480 2522; baseline 0.008 -23"><span class='ocrx_word' id='word_1_151' title='bbox 201 2430 425 2522; x_wconf 90' lang='lat' dir='ltr'><strong>Capellaniae</strong></span> <span class='ocrx_word' id='word_1_152' title='bbox 451 2434 615 2504; x_wconf 89' lang='lat' dir='ltr'><strong>nuncium</strong></span> <span class='ocrx_word' id='word_1_153' title='bbox 634 2435 740 2505; x_wconf 90' lang='lat' dir='ltr'><strong>misit.</strong></span> <span class='ocrx_word' id='word_1_154' title='bbox 759 2434 849 2506; x_wconf 90' lang='lat' dir='ltr'><strong>Loco</strong></span> <span class='ocrx_word' id='word_1_155' title='bbox 866 2435 1035 2507; x_wconf 86' lang='lat' dir='ltr'><strong>vacationi</strong></span> <span class='ocrx_word' id='word_1_156' title='bbox 1052 2434 1160 2519; x_wconf 87' lang='lat' dir='ltr'><strong>lacto,</strong></span> <span class='ocrx_word' id='word_1_157' title='bbox 1180 2436 1374 2508; x_wconf 89' lang='lat' dir='ltr'><strong>Canonieus</strong></span> <span class='ocrx_word' id='word_1_158' title='bbox 1399 2461 1480 2509; x_wconf 86' lang='lat' dir='ltr'><strong>exe·</strong></span> 
     </span>
     <span class='ocr_line' id='line_1_21' title="bbox 200 2540 1479 2621; baseline 0.007 -16"><span class='ocrx_word' id='word_1_159' title='bbox 200 2549 305 2606; x_wconf 85' lang='lat' dir='ltr'><strong>autor</strong></span> <span class='ocrx_word' id='word_1_160' title='bbox 330 2540 628 2621; x_wconf 79' lang='lat' dir='ltr'><strong>testamentariae,</strong></span> <span class='ocrx_word' id='word_1_161' title='bbox 650 2543 739 2611; x_wconf 87' lang='lat' dir='ltr'><strong>vitae</strong></span> <span class='ocrx_word' id='word_1_162' title='bbox 761 2540 873 2611; x_wconf 89' lang='lat' dir='ltr'><strong>adbuc</strong></span> <span class='ocrx_word' id='word_1_163' title='bbox 899 2564 1001 2612; x_wconf 87' lang='lat' dir='ltr'><strong>usura</strong></span> <span class='ocrx_word' id='word_1_164' title='bbox 1025 2541 1163 2620; x_wconf 89' lang='lat' dir='ltr'><strong>lruens,</strong></span> <span class='ocrx_word' id='word_1_165' title='bbox 1189 2565 1227 2612; x_wconf 90' lang='lat' dir='ltr'><strong>ac</strong></span> <span class='ocrx_word' id='word_1_166' title='bbox 1252 2555 1411 2612; x_wconf 92' lang='lat' dir='ltr'><strong>metuens</strong></span> <span class='ocrx_word' id='word_1_167' title='bbox 1436 2567 1479 2614; x_wconf 92' lang='lat' dir='ltr'><strong>ne</strong></span> 
     </span>
     <span class='ocr_line' id='line_1_22' title="bbox 201 2639 1476 2727; baseline 0.009 -20"><span class='ocrx_word' id='word_1_168' title='bbox 201 2639 237 2708; x_wconf 87' lang='lat' dir='ltr'><strong>in</strong></span> <span class='ocrx_word' id='word_1_169' title='bbox 255 2640 424 2714; x_wconf 92' lang='lat' dir='ltr'><strong>electione</strong></span> <span class='ocrx_word' id='word_1_170' title='bbox 440 2642 553 2715; x_wconf 87' lang='lat' dir='ltr'><strong>lorsan</strong></span> <span class='ocrx_word' id='word_1_171' title='bbox 571 2658 714 2727; x_wconf 87' lang='lat' dir='ltr'><strong>erraret,</strong></span> <span class='ocrx_word' id='word_1_172' title='bbox 729 2647 944 2716; x_wconf 89' lang='lat' dir='ltr'><strong>renunciavit</strong></span> <span class='ocrx_word' id='word_1_173' title='bbox 961 2669 1001 2716; x_wconf 89' lang='lat' dir='ltr'><strong>ac</strong></span> <span class='ocrx_word' id='word_1_174' title='bbox 1017 2645 1121 2716; x_wconf 86' lang='lat' dir='ltr'><strong>cessit</strong></span> <span class='ocrx_word' id='word_1_175' title='bbox 1138 2647 1205 2716; x_wconf 91' lang='lat' dir='ltr'><strong>iam</strong></span> <span class='ocrx_word' id='word_1_176' title='bbox 1224 2660 1306 2718; x_wconf 90' lang='lat' dir='ltr'><strong>tunc</strong></span> <span class='ocrx_word' id='word_1_177' title='bbox 1322 2648 1476 2718; x_wconf 90' lang='lat' dir='ltr'><strong>nomina·</strong></span> 
     </span>
     <span class='ocr_line' id='line_1_23' title="bbox 204 2747 1477 2845; baseline 0.004 -29"><span class='ocrx_word' id='word_1_178' title='bbox 204 2747 311 2817; x_wconf 88' lang='lat' dir='ltr'><strong>tionis</strong></span> <span class='ocrx_word' id='word_1_179' title='bbox 327 2751 537 2821; x_wconf 84' lang='lat' dir='ltr'><strong>exercendae</strong></span> <span class='ocrx_word' id='word_1_180' title='bbox 555 2753 608 2820; x_wconf 90' lang='lat' dir='ltr'><strong>ius</strong></span> <span class='ocrx_word' id='word_1_181' title='bbox 624 2791 646 2803; x_wconf 93' lang='lat'>-</span> <span class='ocrx_word' id='word_1_182' title='bbox 664 2751 729 2845; x_wconf 82' lang='lat' dir='ltr'><strong>ipsi</strong></span> <span class='ocrx_word' id='word_1_183' title='bbox 746 2749 831 2820; x_wconf 76' lang='lat' dir='ltr'><strong>Rriao</strong></span> <span class='ocrx_word' id='word_1_184' title='bbox 849 2749 1021 2845; x_wconf 85' lang='lat' dir='ltr'><strong>Capitale,</strong></span> <span class='ocrx_word' id='word_1_185' title='bbox 1036 2764 1073 2819; x_wconf 86' lang='lat' dir='ltr'><strong>at</strong></span> <span class='ocrx_word' id='word_1_186' title='bbox 1091 2748 1272 2822; x_wconf 81' lang='lat' dir='ltr'><strong>Candidati</strong></span> <span class='ocrx_word' id='word_1_187' title='bbox 1292 2753 1477 2821; x_wconf 83' lang='lat' dir='ltr'><strong>nominatio</strong></span> 
     </span>
     <span class='ocr_line' id='line_1_24' title="bbox 200 2852 1479 2950; baseline 0.004 -29"><span class='ocrx_word' id='word_1_188' title='bbox 200 2875 337 2947; x_wconf 79' lang='lat' dir='ltr'><strong>semper</strong></span> <span class='ocrx_word' id='word_1_189' title='bbox 352 2868 383 2925; x_wconf 90' lang='lat' dir='ltr'><strong>et</strong></span> <span class='ocrx_word' id='word_1_190' title='bbox 407 2856 530 2925; x_wconf 86' lang='lat' dir='ltr'><strong>maiori</strong></span> <span class='ocrx_word' id='word_1_191' title='bbox 549 2880 626 2926; x_wconf 86' lang='lat' dir='ltr'><strong>cum</strong></span> <span class='ocrx_word' id='word_1_192' title='bbox 650 2855 786 2927; x_wconf 80' lang='lat' dir='ltr'><strong>masilia</strong></span> <span class='ocrx_word' id='word_1_193' title='bbox 811 2878 850 2925; x_wconf 93' lang='lat' dir='ltr'><strong>oc</strong></span> <span class='ocrx_word' id='word_1_194' title='bbox 871 2856 1112 2950; x_wconf 85' lang='lat' dir='ltr'><strong>ponderatione</strong></span> <span class='ocrx_word' id='word_1_195' title='bbox 1135 2852 1171 2924; x_wconf 80' lang='lat' dir='ltr'><strong>in</strong></span> <span class='ocrx_word' id='word_1_196' title='bbox 1195 2858 1306 2926; x_wconf 79' lang='lat' dir='ltr'><strong>airam</strong></span> <span class='ocrx_word' id='word_1_197' title='bbox 1322 2855 1479 2926; x_wconf 85' lang='lat' dir='ltr'><strong>idoneam</strong></span> 
     </span>
     <span class='ocr_line' id='line_1_25' title="bbox 203 2957 1478 3057; baseline 0.006 -31"><span class='ocrx_word' id='word_1_198' title='bbox 203 2957 251 3027; x_wconf 86' lang='lat' dir='ltr'><strong>ad</strong></span> <span class='ocrx_word' id='word_1_199' title='bbox 266 2959 453 3031; x_wconf 83' lang='lat' dir='ltr'><strong>uberiorem</strong></span> <span class='ocrx_word' id='word_1_200' title='bbox 471 2961 627 3032; x_wconf 80' lang='lat' dir='ltr'><strong>ecclesiae</strong></span> <span class='ocrx_word' id='word_1_201' title='bbox 643 2961 823 3032; x_wconf 84' lang='lat' dir='ltr'><strong>utilitatem</strong></span> <span class='ocrx_word' id='word_1_202' title='bbox 844 2961 962 3032; x_wconf 73' lang='lat' dir='ltr'><strong>cadem</strong></span> <span class='ocrx_word' id='word_1_203' title='bbox 981 2963 1098 3057; x_wconf 81' lang='lat' dir='ltr'><strong>poscit.</strong></span> <span class='ocrx_word' id='word_1_204' title='bbox 1112 3002 1136 3017; x_wconf 93' lang='lat'><em>-</em></span> <span class='ocrx_word' id='word_1_205' title='bbox 1151 2961 1246 3048; x_wconf 83' lang='lat' dir='ltr'><strong>Quae</strong></span> <span class='ocrx_word' id='word_1_206' title='bbox 1264 2963 1478 3034; x_wconf 89' lang='lat' dir='ltr'><strong>renunciatio</strong></span> 
     </span>
     <span class='ocr_line' id='line_1_26' title="bbox 200 3065 1462 3160; baseline 0.004 -28"><span class='ocrx_word' id='word_1_207' title='bbox 200 3086 284 3133; x_wconf 83' lang='lat' dir='ltr'><strong>cum</strong></span> <span class='ocrx_word' id='word_1_208' title='bbox 310 3089 328 3135; x_wconf 94' lang='lat' dir='ltr'><strong>a</strong></span> <span class='ocrx_word' id='word_1_209' title='bbox 353 3065 514 3158; x_wconf 90' lang='lat' dir='ltr'><strong>Capitale</strong></span> <span class='ocrx_word' id='word_1_210' title='bbox 538 3081 680 3160; x_wconf 91' lang='lat' dir='ltr'><strong>accepto</strong></span> <span class='ocrx_word' id='word_1_211' title='bbox 705 3068 823 3138; x_wconf 90' lang='lat' dir='ltr'><strong>habita</strong></span> <span class='ocrx_word' id='word_1_212' title='bbox 847 3068 985 3148; x_wconf 87' lang='lat' dir='ltr'><strong>luisset,</strong></span> <span class='ocrx_word' id='word_1_213' title='bbox 1005 3068 1060 3138; x_wconf 93' lang='lat' dir='ltr'><strong>die</strong></span> <span class='ocrx_word' id='word_1_214' title='bbox 1085 3071 1125 3137; x_wconf 77' lang='lat' dir='ltr'><strong>ta</strong></span> <span class='ocrx_word' id='word_1_215' title='bbox 1148 3067 1225 3138; x_wconf 88' lang='lat' dir='ltr'><strong>Maii</strong></span> <span class='ocrx_word' id='word_1_216' title='bbox 1257 3073 1342 3138; x_wconf 78' lang='lat' dir='ltr'><strong>taut</strong></span> <span class='ocrx_word' id='word_1_217' title='bbox 1367 3067 1462 3137; x_wconf 87' lang='lat' dir='ltr'><strong>Cano</strong></span> 
     </span>
     <span class='ocr_line' id='line_1_27' title="bbox 197 3169 1459 3265; baseline 0.002 -28"><span class='ocrx_word' id='word_1_218' title='bbox 197 3171 266 3240; x_wconf 86' lang='lat' dir='ltr'><strong>nici</strong></span> <span class='ocrx_word' id='word_1_219' title='bbox 292 3169 327 3240; x_wconf 91' lang='lat' dir='ltr'><strong>in</strong></span> <span class='ocrx_word' id='word_1_220' title='bbox 351 3172 429 3241; x_wconf 87' lang='lat' dir='ltr'><strong>aula</strong></span> <span class='ocrx_word' id='word_1_221' title='bbox 446 3173 623 3264; x_wconf 89' lang='lat' dir='ltr'><strong>capitulari</strong></span> <span class='ocrx_word' id='word_1_222' title='bbox 641 3174 859 3253; x_wconf 90' lang='lat' dir='ltr'><strong>coaluerunt,</strong></span> <span class='ocrx_word' id='word_1_223' title='bbox 878 3173 961 3265; x_wconf 88' lang='lat' dir='ltr'><strong>quin</strong></span> <span class='ocrx_word' id='word_1_224' title='bbox 978 3177 1094 3243; x_wconf 87' lang='lat' dir='ltr'><strong>tamen</strong></span> <span class='ocrx_word' id='word_1_225' title='bbox 1116 3187 1324 3256; x_wconf 88' lang='lat' dir='ltr'><strong>conventum</strong></span> <span class='ocrx_word' id='word_1_226' title='bbox 1345 3172 1459 3243; x_wconf 88' lang='lat' dir='ltr'><strong>absol-</strong></span> 
     </span>
     <span class='ocr_line' id='line_1_28' title="bbox 205 3277 1464 3371; baseline -0.002 -23"><span class='ocrx_word' id='word_1_227' title='bbox 205 3291 326 3349; x_wconf 78' lang='lat' dir='ltr'><strong>vereat</strong></span> <span class='ocrx_word' id='word_1_228' title='bbox 345 3302 445 3350; x_wconf 90' lang='lat' dir='ltr'><strong>exeo</strong></span> <span class='ocrx_word' id='word_1_229' title='bbox 470 3280 560 3369; x_wconf 92' lang='lat' dir='ltr'><strong>quod</strong></span> <span class='ocrx_word' id='word_1_230' title='bbox 586 3278 701 3348; x_wconf 93' lang='lat' dir='ltr'><strong>nullus</strong></span> <span class='ocrx_word' id='word_1_231' title='bbox 718 3303 761 3349; x_wconf 90' lang='lat' dir='ltr'><strong>ex</strong></span> <span class='ocrx_word' id='word_1_232' title='bbox 779 3277 1081 3370; x_wconf 90' lang='lat' dir='ltr'><strong>competitoribus,</strong></span> <span class='ocrx_word' id='word_1_233' title='bbox 1100 3281 1158 3370; x_wconf 92' lang='lat' dir='ltr'><strong>qui</strong></span> <span class='ocrx_word' id='word_1_234' title='bbox 1176 3279 1407 3371; x_wconf 89' lang='lat' dir='ltr'><strong>Capellaniam</strong></span> <span class='ocrx_word' id='word_1_235' title='bbox 1430 3279 1464 3346; x_wconf 94' lang='lat' dir='ltr'><strong>in</strong></span> 
     </span>
     <span class='ocr_line' id='line_1_29' title="bbox 200 3382 1474 3475; baseline 0.003 -26"><span class='ocrx_word' id='word_1_236' title='bbox 200 3383 362 3466; x_wconf 87' lang='lat' dir='ltr'><strong>hiabant,</strong></span> <span class='ocrx_word' id='word_1_237' title='bbox 390 3385 626 3456; x_wconf 86' lang='lat' dir='ltr'><strong>testimonium</strong></span> <span class='ocrx_word' id='word_1_238' title='bbox 649 3384 691 3454; x_wconf 93' lang='lat' dir='ltr'><strong>de</strong></span> <span class='ocrx_word' id='word_1_239' title='bbox 716 3396 838 3454; x_wconf 90' lang='lat' dir='ltr'><strong>cantus</strong></span> <span class='ocrx_word' id='word_1_240' title='bbox 855 3385 1054 3475; x_wconf 82' lang='lat' dir='ltr'><strong>Gregoriani</strong></span> <span class='ocrx_word' id='word_1_241' title='bbox 1079 3384 1223 3454; x_wconf 89' lang='lat' dir='ltr'><strong>scientia</strong></span> <span class='ocrx_word' id='word_1_242' title='bbox 1248 3382 1474 3453; x_wconf 86' lang='lat' dir='ltr'><strong>exhibuisset.</strong></span> 
     </span>
     <span class='ocr_line' id='line_1_30' title="bbox 205 3489 1478 3581; baseline 0 -24"><span class='ocrx_word' id='word_1_243' title='bbox 205 3490 334 3560; x_wconf 90' lang='lat' dir='ltr'><strong>lterum</strong></span> <span class='ocrx_word' id='word_1_244' title='bbox 360 3491 466 3581; x_wconf 81' lang='lat' dir='ltr'><strong>igitur</strong></span> <span class='ocrx_word' id='word_1_245' title='bbox 489 3491 545 3561; x_wconf 90' lang='lat' dir='ltr'><strong>die</strong></span> <span class='ocrx_word' id='word_1_246' title='bbox 570 3493 589 3560; x_wconf 89' lang='grc'>9</span> <span class='ocrx_word' id='word_1_247' title='bbox 611 3491 789 3581; x_wconf 88' lang='lat' dir='ltr'><strong>sequentis</strong></span> <span class='ocrx_word' id='word_1_248' title='bbox 814 3490 901 3559; x_wconf 91' lang='lat' dir='ltr'><strong>lunii</strong></span> <span class='ocrx_word' id='word_1_249' title='bbox 927 3489 1090 3560; x_wconf 90' lang='lat' dir='ltr'><strong>Canoniei</strong></span> <span class='ocrx_word' id='word_1_250' title='bbox 1116 3489 1311 3570; x_wconf 88' lang='lat' dir='ltr'><strong>coiverunt,</strong></span> <span class='ocrx_word' id='word_1_251' title='bbox 1334 3489 1478 3559; x_wconf 91' lang='lat' dir='ltr'><strong>iterum·</strong></span> 
     </span>
     <span class='ocr_line' id='line_1_31' title="bbox 199 3592 1478 3687; baseline -0.001 -22"><span class='ocrx_word' id='word_1_252' title='bbox 199 3619 270 3687; x_wconf 87' lang='lat' dir='ltr'><strong>que</strong></span> <span class='ocrx_word' id='word_1_253' title='bbox 296 3597 399 3668; x_wconf 91' lang='lat' dir='ltr'><strong>iidem</strong></span> <span class='ocrx_word' id='word_1_254' title='bbox 426 3597 591 3668; x_wconf 86' lang='lat' dir='ltr'><strong>adstitere</strong></span> <span class='ocrx_word' id='word_1_255' title='bbox 615 3595 887 3687; x_wconf 91' lang='lat' dir='ltr'><strong>Competitores,</strong></span> <span class='ocrx_word' id='word_1_256' title='bbox 918 3595 1118 3665; x_wconf 85' lang='lat' dir='ltr'><strong>testimonio</strong></span> <span class='ocrx_word' id='word_1_257' title='bbox 1137 3594 1179 3664; x_wconf 93' lang='lat' dir='ltr'><strong>de</strong></span> <span class='ocrx_word' id='word_1_258' title='bbox 1204 3606 1326 3664; x_wconf 87' lang='lat' dir='ltr'><strong>cantus</strong></span> <span class='ocrx_word' id='word_1_259' title='bbox 1349 3592 1478 3685; x_wconf 77' lang='lat' dir='ltr'><strong>Grego-</strong></span> 
     </span>
     <span class='ocr_line' id='line_1_32' title="bbox 202 3699 1478 3792; baseline -0.001 -23"><span class='ocrx_word' id='word_1_260' title='bbox 202 3702 290 3770; x_wconf 90' lang='lat' dir='ltr'><strong>riani</strong></span> <span class='ocrx_word' id='word_1_261' title='bbox 316 3703 440 3792; x_wconf 89' lang='lat' dir='ltr'><strong>peritia</strong></span> <span class='ocrx_word' id='word_1_262' title='bbox 465 3725 585 3772; x_wconf 92' lang='lat' dir='ltr'><strong>omnes</strong></span> <span class='ocrx_word' id='word_1_263' title='bbox 602 3701 825 3781; x_wconf 82' lang='lat' dir='ltr'><strong>communit-i,</strong></span> <span class='ocrx_word' id='word_1_264' title='bbox 844 3712 982 3792; x_wconf 86' lang='lat' dir='ltr'><strong>praeter</strong></span> <span class='ocrx_word' id='word_1_265' title='bbox 998 3722 1104 3770; x_wconf 89' lang='lat' dir='ltr'><strong>unum</strong></span> <span class='ocrx_word' id='word_1_266' title='bbox 1123 3699 1353 3780; x_wconf 86' lang='lat' dir='ltr'><strong>Fridericum‚</strong></span> <span class='ocrx_word' id='word_1_267' title='bbox 1374 3713 1478 3790; x_wconf 88' lang='lat' dir='ltr'><strong>prout</strong></span> 
     </span>
     <span class='ocr_line' id='line_1_33' title="bbox 195 3803 1475 3888; baseline -0.001 -16"><span class='ocrx_word' id='word_1_268' title='bbox 195 3805 429 3875; x_wconf 87' lang='lat' dir='ltr'><strong>asserebatur.</strong></span> <span class='ocrx_word' id='word_1_269' title='bbox 454 3808 522 3876; x_wconf 84' lang='lat' dir='ltr'><strong>Sex</strong></span> <span class='ocrx_word' id='word_1_270' title='bbox 546 3806 580 3875; x_wconf 93' lang='lat' dir='ltr'><strong>hi</strong></span> <span class='ocrx_word' id='word_1_271' title='bbox 608 3805 895 3888; x_wconf 82' lang='lat' dir='ltr'><strong>numerabantur3</strong></span> <span class='ocrx_word' id='word_1_272' title='bbox 917 3805 985 3875; x_wconf 94' lang='lat' dir='ltr'><strong>duo</strong></span> <span class='ocrx_word' id='word_1_273' title='bbox 1017 3805 1148 3874; x_wconf 90' lang='lat' dir='ltr'><strong>scilicet</strong></span> <span class='ocrx_word' id='word_1_274' title='bbox 1172 3804 1390 3884; x_wconf 87' lang='lat' dir='ltr'><strong>Sacerdotes,</strong></span> <span class='ocrx_word' id='word_1_275' title='bbox 1417 3803 1475 3872; x_wconf 91' lang='lat' dir='ltr'><strong>alii</strong></span> 
     </span>
     <span class='ocr_line' id='line_1_34' title="bbox 196 3909 1475 4004; baseline 0.001 -27"><span class='ocrx_word' id='word_1_276' title='bbox 196 3909 336 3980; x_wconf 90' lang='lat' dir='ltr'><strong>Clerici.</strong></span> <span class='ocrx_word' id='word_1_277' title='bbox 359 3911 446 3981; x_wconf 90' lang='lat' dir='ltr'><strong>Cum</strong></span> <span class='ocrx_word' id='word_1_278' title='bbox 473 3913 539 3981; x_wconf 90' lang='lat' dir='ltr'><strong>ianr</strong></span> <span class='ocrx_word' id='word_1_279' title='bbox 565 3912 718 4004; x_wconf 89' lang='lat' dir='ltr'><strong>quinque</strong></span> <span class='ocrx_word' id='word_1_280' title='bbox 735 3934 777 3982; x_wconf 90' lang='lat' dir='ltr'><strong>ex</strong></span> <span class='ocrx_word' id='word_1_281' title='bbox 796 3911 849 3979; x_wconf 89' lang='lat' dir='ltr'><strong>bis</strong></span> <span class='ocrx_word' id='word_1_282' title='bbox 874 3911 1040 3981; x_wconf 89' lang='lat' dir='ltr'><strong>scrutinio</strong></span> <span class='ocrx_word' id='word_1_283' title='bbox 1061 3910 1229 4002; x_wconf 85' lang='lat' dir='ltr'><strong>suppositi</strong></span> <span class='ocrx_word' id='word_1_284' title='bbox 1255 3909 1418 3990; x_wconf 87' lang='lat' dir='ltr'><strong>luissent,</strong></span> <span class='ocrx_word' id='word_1_285' title='bbox 1437 3924 1475 3979; x_wconf 91' lang='lat' dir='ltr'><strong>et</strong></span> 
     </span>
     <span class='ocr_line' id='line_1_35' title="bbox 195 4013 1474 4106; baseline 0.002 -26"><span class='ocrx_word' id='word_1_286' title='bbox 195 4028 320 4084; x_wconf 82' lang='lat' dir='ltr'><strong>sextus</strong></span> <span class='ocrx_word' id='word_1_287' title='bbox 345 4016 572 4087; x_wconf 90' lang='lat' dir='ltr'><strong>excutiendas</strong></span> <span class='ocrx_word' id='word_1_288' title='bbox 597 4015 751 4106; x_wconf 89' lang='lat' dir='ltr'><strong>reliquus</strong></span> <span class='ocrx_word' id='word_1_289' title='bbox 775 4013 885 4096; x_wconf 89' lang='lat' dir='ltr'><strong>leret,</strong></span> <span class='ocrx_word' id='word_1_290' title='bbox 911 4037 1000 4084; x_wconf 89' lang='lat' dir='ltr'><strong>unus</strong></span> <span class='ocrx_word' id='word_1_291' title='bbox 1023 4037 1065 4084; x_wconf 86' lang='lat' dir='ltr'><strong>ex</strong></span> <span class='ocrx_word' id='word_1_292' title='bbox 1090 4013 1273 4083; x_wconf 89' lang='lat' dir='ltr'><strong>Canonieis</strong></span> <span class='ocrx_word' id='word_1_293' title='bbox 1297 4013 1474 4083; x_wconf 89' lang='lat' dir='ltr'><strong>vocalibus</strong></span> 
     </span>
     <span class='ocr_line' id='line_1_36' title="bbox 196 4118 1472 4211; baseline 0 -24"><span class='ocrx_word' id='word_1_294' title='bbox 196 4120 411 4202; x_wconf 88' lang='lat' dir='ltr'><strong>adsurrexit,</strong></span> <span class='ocrx_word' id='word_1_295' title='bbox 439 4121 636 4211; x_wconf 91' lang='lat' dir='ltr'><strong>edixitque,</strong></span> <span class='ocrx_word' id='word_1_296' title='bbox 664 4118 866 4210; x_wconf 78' lang='lat' dir='ltr'><strong>Aegidium,</strong></span> <span class='ocrx_word' id='word_1_297' title='bbox 894 4131 1032 4189; x_wconf 90' lang='lat' dir='ltr'><strong>sextum</strong></span> <span class='ocrx_word' id='word_1_298' title='bbox 1066 4118 1163 4187; x_wconf 91' lang='lat' dir='ltr'><strong>illum</strong></span> <span class='ocrx_word' id='word_1_299' title='bbox 1188 4119 1472 4209; x_wconf 88' lang='lat' dir='ltr'><strong>competitorem,</strong></span> 
     </span>
     <span class='ocr_line' id='line_1_37' title="bbox 196 4221 1474 4314; baseline 0.002 -25"><span class='ocrx_word' id='word_1_300' title='bbox 196 4236 361 4314; x_wconf 88' lang='lat' dir='ltr'><strong>nepotem</strong></span> <span class='ocrx_word' id='word_1_301' title='bbox 379 4247 453 4294; x_wconf 90' lang='lat' dir='ltr'><strong>esse</strong></span> <span class='ocrx_word' id='word_1_302' title='bbox 470 4247 511 4294; x_wconf 92' lang='lat' dir='ltr'><strong>ex</strong></span> <span class='ocrx_word' id='word_1_303' title='bbox 529 4246 645 4294; x_wconf 88' lang='lat' dir='ltr'><strong>sorore</strong></span> <span class='ocrx_word' id='word_1_304' title='bbox 662 4223 804 4292; x_wconf 89' lang='lat' dir='ltr'><strong>alterius</strong></span> <span class='ocrx_word' id='word_1_305' title='bbox 816 4221 980 4293; x_wconf 90' lang='lat' dir='ltr'><strong>Canoniei</strong></span> <span class='ocrx_word' id='word_1_306' title='bbox 1000 4222 1128 4293; x_wconf 88' lang='lat' dir='ltr'><strong>vocalis</strong></span> <span class='ocrx_word' id='word_1_307' title='bbox 1141 4221 1195 4304; x_wconf 79' lang='lat' dir='ltr'><strong>ss,</strong></span> <span class='ocrx_word' id='word_1_308' title='bbox 1211 4223 1363 4313; x_wconf 89' lang='lat' dir='ltr'><strong>adeoque</strong></span> <span class='ocrx_word' id='word_1_309' title='bbox 1381 4224 1474 4293; x_wconf 92' lang='lat' dir='ltr'><strong>bunc</strong></span> 
     </span>
     <span class='ocr_line' id='line_1_38' title="bbox 197 4327 1474 4421; baseline 0 -25"><span class='ocrx_word' id='word_1_310' title='bbox 197 4328 410 4419; x_wconf 86' lang='lat' dir='ltr'><strong>prohibitum</strong></span> <span class='ocrx_word' id='word_1_311' title='bbox 436 4352 527 4411; x_wconf 85' lang='lat' dir='ltr'><strong>esse,</strong></span> <span class='ocrx_word' id='word_1_312' title='bbox 548 4352 590 4400; x_wconf 93' lang='lat' dir='ltr'><strong>ne</strong></span> <span class='ocrx_word' id='word_1_313' title='bbox 608 4341 813 4421; x_wconf 88' lang='lat' dir='ltr'><strong>pronepote</strong></span> <span class='ocrx_word' id='word_1_314' title='bbox 836 4327 1034 4419; x_wconf 79' lang='lat' dir='ltr'><strong>suffragium</strong></span> <span class='ocrx_word' id='word_1_315' title='bbox 1062 4327 1186 4411; x_wconf 80' lang='lat' dir='ltr'><strong>serret3</strong></span> <span class='ocrx_word' id='word_1_316' title='bbox 1207 4328 1335 4420; x_wconf 91' lang='lat' dir='ltr'><strong>qnippe</strong></span> <span class='ocrx_word' id='word_1_317' title='bbox 1361 4328 1394 4396; x_wconf 91' lang='lat' dir='ltr'><strong>in</strong></span> <span class='ocrx_word' id='word_1_318' title='bbox 1414 4327 1474 4420; x_wconf 85' lang='lat' dir='ltr'><strong>Sy·</strong></span> 
     </span>
     <span class='ocr_line' id='line_1_39' title="bbox 197 4431 1477 4527; baseline 0.001 -26"><span class='ocrx_word' id='word_1_319' title='bbox 197 4433 288 4506; x_wconf 92' lang='lat' dir='ltr'><strong>oodo</strong></span> <span class='ocrx_word' id='word_1_320' title='bbox 304 4435 504 4506; x_wconf 78' lang='lat' dir='ltr'><strong>dioecesana</strong></span> <span class='ocrx_word' id='word_1_321' title='bbox 524 4436 773 4527; x_wconf 88' lang='lat' dir='ltr'><strong>praescriptum</strong></span> <span class='ocrx_word' id='word_1_322' title='bbox 793 4445 863 4515; x_wconf 86' lang='lat' dir='ltr'><strong>est,</strong></span> <span class='ocrx_word' id='word_1_323' title='bbox 883 4435 973 4526; x_wconf 91' lang='lat' dir='ltr'><strong>quod</strong></span> <span class='ocrx_word' id='word_1_324' title='bbox 1021 4435 1050 4501; x_wconf 83' lang='lat' dir='ltr'><strong>si</strong></span> <span class='ocrx_word' id='word_1_325' title='bbox 1067 4431 1211 4503; x_wconf 82' lang='lat' dir='ltr'><strong>alicuius</strong></span> <span class='ocrx_word' id='word_1_326' title='bbox 1229 4432 1391 4503; x_wconf 85' lang='lat' dir='ltr'><strong>Canoniei</strong></span> <span class='ocrx_word' id='word_1_327' title='bbox 1414 4445 1477 4504; x_wconf 81' lang='lat' dir='ltr'><strong>ont</strong></span> 
     </span>
    </p>
   </div>
   <div class='ocr_carea' id='block_1_3' title="bbox 0 0 1646 5008">
    <p class='ocr_par' dir='ltr' id='par_1_4' title="bbox 0 0 1646 5008">
     <span class='ocr_line' id='line_1_40' title="bbox 0 0 1646 5008; baseline 0 2"><span class='ocrx_word' id='word_1_328' title='bbox 0 0 1646 5008; x_wconf 95' lang='lat' dir='ltr'><strong> </strong></span> 
     </span>
    </p>
   </div>
  </div>
 </body>
</html>
