3248 5004
175 353 221 425 28
492 377 656 426 assamur.
679 381 707 428 ιιι
725 381 850 428 aaaron.
869 383 908 430 cr
927 383 1015 431 ιιιιιι.
1035 383 1123 434 ιιοι.

177 505 294 556 »saus
317 505 438 576 preces
461 483 504 554 ad
520 482 556 554 S.
575 483 699 556 &dem
722 485 863 570 direxit,
890 498 930 558 ut
954 489 996 561 de
1019 485 1117 582 lapsu
1140 487 1369 585 quinquennii
1394 491 1449 563 di·

177 615 193 656 ι
213 600 470 682 mensuretur.»

243 693 357 782 Quosu
381 717 539 765 secuntur
564 717 746 766 austun-
761 697 812 769 Ad
836 695 984 770 alterum
1009 699 1146 795 insuper
1173 701 1361 775 deveniens
1381 702 1447 774 dn-

173 798 292 883 bium,
310 799 499 894 praemisso
516 801 602 872 iuris
619 800 811 875 indubitato
828 804 1018 900 principio,
1035 828 1160 900 nempe
1175 806 1268 899 quod
1286 807 1446 899 religiosa

173 903 341 998 professio
355 905 480 977 emissa
493 929 556 1000 per
570 907 640 977 vim
653 919 689 979 et
702 920 835 980 metum
855 908 1035 983 cadentem
1050 911 1084 982 in
1097 921 1317 982 constantem
1330 911 1445 981 virurn

172 1010 269 1082 initu
293 1023 367 1094 est,
389 1024 425 1084 ct
449 1011 637 1104 praemissa
653 1011 844 1086 cardinun
861 1010 912 1084 De
930 1012 1019 1086 Luca
1041 1016 1250 1088 auctoritate
1267 1013 1319 1087 ne
1335 1015 1444 1108 lleprt.

171 1114 314 1190 discum.
333 1123 378 1183 tt
395 1139 430 1186 ιι.
451 1123 471 1186 l
490 1116 548 1188 ubi
574 1117 740 1210 ponderat
761 1117 902 1190 nonnisi
934 1139 977 1190 ex
1006 1119 1193 1192 individuis
1216 1141 1361 1192 casuum
1384 1120 1448 1190 ad-

170 1221 300 1292 iunctis
324 1222 528 1314 gravitatem
554 1221 606 1291 ris
630 1235 667 1294 et
691 1223 825 1294 timoris
853 1221 1032 1296 diiudicari
1063 1247 1183 1318 posse:
1209 1225 1450 1297 contendebat

169 1326 330 1399 defensor
352 1327 441 1399 banc
469 1327 540 1398 vim
554 1339 593 1403 et
614 1349 750 1420 gravem
776 1339 910 1402 metum
935 1351 979 1402 ex
1004 1331 1143 1401 testium
1168 1331 1450 1425 depositionibus

170 1433 427 1516 demonstrare,
445 1434 504 1527 qui
522 1434 557 1503 in
581 1433 844 1527 interrogatorio
872 1435 1120 1528 deposuerunt,
1137 1437 1327 1509 avunculos
1360 1436 1449 1508 ulle·

169 1539 259 1612 cisse
275 1539 406 1611 Titium
424 1541 458 1610 in
476 1562 516 1612 ea
532 1552 654 1612 tenera
668 1553 796 1624 aetate,
810 1540 993 1624 molestiis,
1005 1541 1120 1623 minis,
1130 1542 1445 1635 obiurgationibus.

169 1641 324 1737 colaphis
341 1656 377 1715 et
392 1643 607 1737 gravioribus
623 1645 923 1738 percussionibus;
939 1646 1121 1739 ipsumque
1139 1648 1300 1719 terruisse
1317 1650 1448 1719 timore

169 1746 384 1841 expulsionis
397 1749 431 1820 in
448 1748 670 1842 longinquam
688 1750 863 1844 regionem
886 1749 1030 1843 aliisque
1046 1751 1230 1836 similibus,
1247 1753 1444 1846 etquidem

168 1875 211 1923 eo
235 1853 364 1935 annno,
388 1863 427 1926 ut
452 1853 618 1926 Defensor
641 1854 823 1948 arpuebot,
841 1867 880 1926 ut
906 1854 1020 1925 Titius
1045 1855 1222 1962 Regularis
1241 1855 1380 1929 Ordinis
1398 1861 1443 1927 Α.

169 1955 281 2029 fieret.
302 1959 445 2031 Accedit
466 1959 558 2052 quod
581 1957 669 2030 alter
685 1959 767 2031 Titii
788 1956 981 2032 avunculus
997 1982 1076 2032 cum
1093 1973 1185 2033 esset
1199 1961 1351 2035 eiusdem
1366 1962 1446 2034 reli·

168 2062 285 2154 gius-ue
302 2061 425 2136 domus
443 2064 614 2158 superior,
629 2064 856 2138 concurrebat
869 2065 974 2136 etiam
986 2063 1090 2136 minis
1103 2077 1139 2138 et
1152 2068 1381 2148 suasionibus,
1396 2090 1442 2138 ex·

164 2165 315 2240 aliorum
341 2169 519 2252 mandato,
547 2182 587 2241 ut
612 2170 724 2242 Titius
749 2171 973 2246 induceretur
994 2171 1037 2242 ad
1061 2170 1159 2243 illum
1183 2171 1348 2247 Ordinem
1372 2197 1439 2245 am·

167 2275 404 2372 plectendum.

238 2383 436 2459 Cenabatur
456 2391 632 2479 praeterea
650 2383 816 2459 Defensor
832 2382 1004 2479 duplicem
1022 2386 1176 2460 refellere
1193 2387 1444 2467 abiectionem,

167 2490 410 2584 depromptum
425 2501 498 2560 tum
513 2511 555 2560 ex
569 2489 703 2560 testibus
728 2503 851 2584 utpote
867 2491 928 2583 qui
940 2503 1038 2562 erant
1052 2491 1134 2563 Titii
1148 2493 1291 2574 fratres,
1308 2505 1383 2563 tum
1397 2515 1442 2563 ux

167 2619 289 2668 eorum
301 2593 678 2691 depositionibus,quasi
693 2600 813 2668 testati
827 2617 895 2671 nou
910 2609 1025 2668 essent
1049 2598 1137 2670 hanc
1161 2599 1232 2668 vim
1252 2611 1288 2668 et
1306 2608 1441 2670 metum

167 2703 210 2774 ad
227 2701 331 2774 finem
347 2701 530 2796 profitendi
563 2701 666 2775 fuisse
683 2703 875 2773 incussum.
895 2701 1201 2776 Animadvertebat
1216 2703 1309 2775 enim
1326 2703 1440 2794 quoad

169 2809 334 2901 primam,
352 2809 457 2902 quod,
484 2831 564 2880 cum
588 2811 704 2904 agitur
717 2811 761 2883 de
776 2808 957 2881 coactione
980 2831 1068 2902 quae
1092 2809 1208 2882 locum
1226 2806 1331 2880 habet
1348 2809 1444 2878 intra

166 2914 375 2986 domesticos
400 2915 565 3008 parietes,
592 2915 770 2988 sufficiunt
794 2913 941 2986 leviores
957 2913 1191 3008 probationes,
1210 2913 1281 2986 imo
1299 2913 1442 2990 indicia,

166 3020 399 3104 coniecturae,
419 3033 454 3094 et
470 3021 703 3093 admittuntur
725 3021 832 3094 etiam
855 3031 961 3092 testes
980 3019 1173 3114 singulares
1213 3019 1379 3110 sanguiue
1403 3033 1440 3089 et

165 3125 318 3198 amicitia
336 3125 457 3198 iuncti.
467 3125 602 3217 Piguat.
617 3125 680 3198 luc.
691 3126 749 3196 cit.
762 3147 798 3194 n.
814 3127 872 3194 to.
884 3123 971 3196 liuta
983 3125 1086 3196 cerie
1106 3127 1254 3194 deorum
1266 3122 1444 3218 dapuellcs

166 3231 253 3320 §.tt
267 3245 300 3302 et
312 3237 356 3303 'lli
374 3247 436 3303 etc.
448 3230 639 3306 Excludere
656 3229 800 3304 curabat
817 3231 961 3303 alterurn
977 3253 1058 3303 cum
1083 3231 1168 3302 baec
1192 3232 1227 3299 in
1251 3229 1443 3323 depositio-

164 3335 268 3407 nibus
282 3337 508 3410 habebantur:
521 3365 536 3405 ι
549 3337 722 3410 Ανιιιιοιιῐί
734 3336 799 3406 sihi
812 3335 1204 3432 proposuerunt'litium
1221 3335 1295 3407 deri
1311 3335 1441 3412 debere

168 3469 183 3506 ι
204 3442 403 3537 religiosum
428 3444 567 3516 Ordinis
582 3446 625 3515 Α.
643 3442 803 3537 quumvis
819 3443 892 3537 ipse
909 3459 1028 3538 aperte
1046 3442 1223 3515 resisteret
1238 3455 1307 3514 *-et
1323 3441 1403 3513 alibi
1414 3481 1439 3493 ·

167 3548 269 3642 »ipsi
293 3549 491 3642 (avunculi)
512 3549 650 3642 loquuti
675 3560 758 3618 suut
776 3549 896 3622 eodem
916 3563 1076 3642 tempore
1099 3569 1178 3620 cum
1195 3545 1380 3640 Superiore
1398 3557 1437 3614 ut

166 3676 284 3725 neum
309 3653 575 3748 reprehenderet
592 3665 629 3727 et
645 3651 824 3725 induceret
848 3654 891 3725 ud
914 3651 1188 3746 amplectendam
1213 3651 1439 3743 religionem,

162 3785 183 3826 ιι
201 3761 260 3854 qui
279 3759 474 3854 (superior)
495 3762 647 3832 minatus
672 3773 740 3832 est.
759 3763 858 3832 ..si
882 3757 1063 3831 avunculis
1086 3780 1153 3831 non
1178 3758 1415 3851 complaceret

166 3879 333 3937 »statum
363 3865 562 3958 religiosum
595 3861 879 3958 amplectendo.»
904 3863 1049 3936 Proinde
1078 3861 1329 3944 concludebat,
1355 3883 1440 3934 cum

162 3983 284 4061 agatur
306 3970 350 4043 de
373 3967 592 4050 reverentiali
626 3971 769 4052 timore,
800 3970 926 4049 minis,
958 3969 1257 4061 percussionibus,
1291 3967 1442 4061 aliisque.

162 4076 368 4161 coniuncto,
395 4077 571 4149 sufficiens
586 4075 689 4149 debet
704 4067 896 4149 existimari
915 4086 955 4145 ut
971 4075 1138 4169 professio
1161 4073 1320 4168 religiosa
1337 4074 1440 4144 irritu

161 4195 356 4254 censeatur.
382 4182 553 4277 Pigeatel.
571 4181 632 4253 luc.
651 4184 744 4254 citat.
762 4182 903 4275 aliique.

232 4283 345 4372 Quoao
369 4311 504 4358 ιιιτιιιιι
530 4309 713 4358 ιιιιιιιιιι.-
724 4287 945 4359 Contendens
962 4288 1104 4383 iusuper
1120 4286 1328 4381 praestitum
1346 4311 1366 4361 a
1383 4287 1443 4360 Ti·

160 4390 213 4466 tio
230 4413 438 4466 eonsensum
464 4393 499 4463 in
523 4393 771 4486 professionem
804 4391 998 4480 religiosam
1030 4393 1140 4471 fuisse
1168 4405 1273 4478 etium
1297 4411 1444 4484 sirrrnta-
