3282 5008
579 507 726 581 SUPER
752 505 858 582 lURE
884 510 910 581 F
914 509 1158 584 onustant.

261 787 297 837 26
318 783 466 838 Februarii
485 787 562 842 tuot.

293 1038 418 1131 iniqua
443 1039 519 1132 lege
544 1039 782 1132 incompetens
807 1040 919 1112 civilis
943 1053 1096 1135 potestas
1120 1055 1362 1137 suppresserat
1387 1045 1421 1113 in
1445 1043 1502 1114 [ii-

227 1143 324 1215 tione
349 1145 392 1214 A.
411 1144 579 1235 quosdam
603 1143 750 1217 Ordines
774 1146 988 1238 Religiosos,
1015 1147 1099 1219 adeo
1124 1161 1163 1217 ut
1188 1148 1377 1239 Regulares
1393 1149 1500 1219 crracti

227 1248 358 1319 luerint
382 1248 491 1318 citam
515 1250 639 1342 degere
671 1251 815 1342 privatis
839 1252 874 1322 in
900 1252 1084 1335 domibus,
1111 1251 1264 1323 claustro
1294 1253 1440 1337 relicto,
1466 1268 1500 1326 et

226 1351 349 1424 babitu
374 1353 644 1446 presbiterorum
670 1355 897 1427 saecularium
923 1355 1056 1428 induto.
1085 1357 1121 1427 lo
1147 1357 1211 1427 hac
1236 1358 1365 1428 iniusta
1383 1370 1418 1430 et
1435 1360 1501 1429 vio

224 1456 321 1528 lenta
334 1459 578 1550 suppressione
613 1458 743 1530 Domus
758 1461 917 1553 religiosa
934 1461 1092 1553 bonaque
1108 1461 1149 1532 ad
1167 1461 1325 1533 eamdem
1343 1474 1501 1554 spectan-

226 1562 275 1632 tia
323 1563 456 1654 direpta
481 1563 613 1655 puriter
637 1562 798 1647 luerunt,
817 1566 939 1636 relicta
966 1577 1101 1635 tantum
1118 1567 1276 1649 ecclesia,
1293 1567 1499 1638 Provinciali

220 1665 362 1738 Ordinis
384 1667 621 1739 custodienda.
637 1667 813 1739 Curarunt
829 1670 994 1762 Religiosi
1019 1670 1069 1742 sic
1093 1670 1236 1765 dispersi
1261 1671 1374 1764 quoad
1399 1683 1501 1764 pote·

223 1784 304 1842 rant
331 1773 437 1844 vitam
461 1772 654 1866 regularem
679 1797 833 1856 servare,
860 1775 1011 1846 maxime
1035 1774 1268 1847 obedientiam
1292 1777 1500 1868 praestando

222 1876 365 1949 Ordinis
382 1876 638 1969 Superioribus.

292 1981 447 2074 Contigit
470 1994 588 2054 autern
612 1992 652 2053 ut
676 1981 922 2064 Prouincialis,
941 1982 1002 2074 qui
1018 1981 1100 2054 licet
1116 1984 1282 2057 ecclesiae
1306 1997 1426 2055 custos
1448 1986 1498 2054 in·

222 2100 278 2159 ter
302 2088 466 2179 expulsos
490 2089 682 2182 Religiosos
714 2089 983 2171 numerabatur,
1009 2090 1129 2160 morbo
1160 2102 1361 2184 correptus,
1388 2091 1499 2161 adsci-

222 2193 312 2264 verit
337 2192 403 2263 sibi
422 2192 614 2265 Paroohum
640 2194 704 2264 loci
756 2216 817 2285 pro
843 2193 1048 2285 recipiendis
1073 2193 1248 2266 Ecclesiae
1265 2195 1499 2266 Sacramentis

220 2297 398 2390 vitamque
423 2298 547 2370 deindo
571 2299 735 2370 finiverit.
763 2298 938 2370 Paroohus
963 2298 1091 2389 itaque,
1110 2300 1169 2391 qui
1186 2300 1272 2368 haec
1288 2300 1399 2371 eidem
1417 2323 1500 2371 con·

220 2402 367 2481 tulerat,
387 2403 478 2473 iusta
502 2402 658 2474 funebria
675 2403 804 2474 honore
821 2403 939 2474 debito
957 2402 1062 2472 etiam
1079 2402 1261 2495 persolvit,
1281 2403 1345 2472 sibi
1363 2423 1499 2474 servata

220 2508 405 2578 dumtaxat
429 2508 559 2580 lunaris
582 2523 718 2600 quarta.

288 2614 455 2701 Quamvis
472 2616 634 2706 Religiosi
660 2615 926 2686 circumstantes
951 2613 1117 2685 eiusmodi
1134 2613 1279 2686 Parochi
1304 2613 1499 2685 actionibus

216 2742 289 2791 non
314 2719 527 2802 restiterint,
553 2720 624 2789 imo
648 2719 760 2790 cidem
785 2741 917 2790 morem
942 2719 1130 2808 gesserint,
1149 2731 1267 2788 tamen
1293 2739 1361 2788 non
1387 2718 1498 2789 deluit

215 2847 312 2895 ,unus
337 2821 392 2896 vel
415 2823 505 2894 alter
528 2847 571 2895 ex
596 2822 677 2904 illis,
695 2824 754 2916 qui
780 2823 1055 2893 obmurmuravit
1071 2835 1191 2894 contra
1206 2821 1349 2891 Parocbi
1375 2822 1498 2914 agendi

218 2929 411 3012 rationem,
439 2951 481 3000 ex
507 2951 549 3000 eo
573 2928 662 3019 quod
689 2950 726 2996 se
750 2939 916 3020 putarent
940 2939 1121 3020 exemptos
1146 2925 1191 2996 ab
1216 2924 1371 2996 eiusdem
1396 2925 1500 2995 iuris·

217 3035 382 3107 dictione.

288 3139 390 3211 llisce
404 3151 519 3210 tamen
538 3137 699 3210 omnibus
715 3137 857 3230 pacifice
875 3135 1042 3228 expletis,
1060 3149 1180 3230 postea
1198 3134 1344 3228 supplex
1357 3135 1498 3206 oblatus

216 3242 284 3313 luit
300 3242 452 3325 libellus,
470 3243 582 3314 celato
599 3243 750 3312 auctoris
762 3243 919 3322 nomine,
937 3241 972 3310 S.
988 3239 1254 3333 Congregationi
1272 3239 1345 3310 EE.
1364 3253 1400 3312 et
1417 3240 1495 3310 Ru.

214 3350 252 3420 in
277 3371 346 3442 quo
371 3348 557 3419 nonnullae
580 3347 815 3440 querimoniae
840 3347 1126 3441 exprimebantur
1150 3345 1193 3415 de
1218 3368 1259 3415 eo
1284 3347 1377 3437 quod
1399 3369 1417 3415 a
1436 3367 1497 3436 pa·

216 3454 359 3526 rochiali
384 3452 532 3525 ecclesia
556 3467 691 3544 gestum
717 3452 845 3534 luerat,
864 3472 943 3522 cum
961 3473 1029 3522 non
1046 3452 1209 3522 deessent
1232 3449 1419 3542 Regulares
1434 3451 1495 3540 qui

214 3559 337 3630 lunera
354 3579 518 3651 peragere
536 3559 729 3648 potuissent
739 3579 751 3641 ;
767 3557 828 3627 scd
846 3556 939 3626 bisce
955 3553 1226 3649 praetermissis,
1244 3553 1498 3646 implorabatur

211 3687 236 3734 a
260 3664 296 3734 S.
315 3661 355 3734 C.
374 3662 543 3756 generalis
569 3663 685 3754 regula
709 3684 771 3753 pro
791 3659 963 3731 similibus
987 3658 1141 3748 casibus,
1161 3659 1219 3750 qui
1238 3659 1351 3728 lorsan
1378 3671 1496 3728 essent

211 3768 430 3842 eventuras.
443 3768 672 3861 (tongregatio
684 3790 747 3861 pro
760 3766 1005 3837 informatione
1017 3777 1053 3837 ct
1066 3775 1148 3835 voto
1171 3763 1328 3836 libellum
1343 3762 1437 3831 misit
1451 3763 1495 3832 ad

212 3873 583 3957 OrdinisGeneralem,
599 3886 634 3946 et
648 3874 795 3965 receptis
808 3870 930 3954 literis,
946 3872 1057 3964 iisque
1072 3870 1284 3942 transmissis
1296 3890 1359 3961 pro
1374 3869 1494 3939 eadem

216 3984 349 4055 ratione
385 3981 427 4052 ad
446 3982 673 4074 Episcopum,
701 3994 739 4050 ut
764 3980 869 4050 etiam
894 3976 1086 4048 Parocbum
1112 3979 1147 4047 in
1172 3976 1313 4069 scriptis
1336 3976 1494 4054 audiret,

212 4111 318 4162 causa
330 4087 453 4160 deiude
466 4088 620 4158 discussa
631 4084 697 4156 luit
711 4085 776 4155 sub
786 4085 892 4157 dubio
905 4086 939 4154 io
953 4084 1047 4156 calce
1059 4085 1191 4179 posito,
1209 4083 1309 4154 cuius
1326 4082 1497 4154 resolutio

213 4215 278 4258 nro
294 4191 410 4263 lutura
428 4215 548 4266 norma
565 4192 813 4284 quaerebatur.
