3282 5008
208 441 272 508 ill
561 460 726 508 aestuans.
745 463 784 508 ετ
803 461 927 509 narrar.
947 461 1123 510 rnucruuu.

201 564 354 636 obtinuit
370 605 386 618 -
402 562 555 638 Relatum
570 606 587 621 ·
605 569 668 658 (t).
695 566 783 638 Cam
809 590 891 640 vero
915 566 1111 660 praedictus
1134 564 1331 638 Canonicus
1355 562 1390 633 in
1416 585 1480 635 suu

198 671 359 743 absentia
383 686 633 765 perseveraret,
652 671 852 766 Capitulum
869 674 960 767 apud
976 672 1111 744 Curiam
1127 670 1357 765 episcopalem
1383 669 1481 738 insti·

204 779 247 849 tit
271 778 327 849 die
352 781 395 847 29
421 769 499 849 Maii
527 782 611 850 test
641 792 681 850 ut
713 780 771 851 ille
799 781 995 875 privaretur
1016 777 1169 851 omnibus
1181 826 1193 859 ,
1215 775 1269 847 uel
1298 775 1481 846 medietate

200 886 374 968 sumtuum
388 886 443 953 sui
454 886 682 966 canonicatus,
694 890 791 956 iuxta
803 886 1033 982 dispositiones
1054 883 1242 955 Tridentini
1256 879 1401 954 Cortcilii
1413 896 1476 950 etc.

202 989 438 1063 t'avorabitem
471 993 680 1063 sententiam
706 991 867 1085 Capituio
892 992 1009 1063 emisit
1032 990 1235 1084 episcopalis
1258 987 1383 1071 Curia,
1410 1009 1477 1080 qua

197 1097 378 1168 decretum
411 1095 502 1166 brit:
537 1111 573 1167 ut
605 1120 683 1169 reus
713 1112 892 1170 conuentus
919 1097 1073 1191 priuatus
1104 1107 1254 1166 maneret
1289 1091 1471 1163 medietate

199 1205 371 1294 [ructatum
388 1203 441 1272 sui
456 1206 682 1275 canonicatus.

272 1307 325 1379 Ab
342 1309 405 1380 bac
426 1311 599 1381 sententia
625 1310 813 1403 appellarit
830 1310 1026 1380 Canonicus
1044 1311 1087 1380 ad
1103 1309 1138 1380 S.
1157 1308 1197 1380 C.
1215 1307 1255 1377 C.
1274 1305 1477 1398 quaeiuxta

201 1414 561 1508 morem‘Episcopum
583 1417 715 1509 rogavit
733 1440 795 1508 pro
813 1416 1055 1487 informatione
1080 1429 1116 1488 et
1141 1429 1234 1488 voto.
1255 1414 1289 1482 in
1311 1411 1474 1504 Episcopi

201 1521 423 1612 responsione
448 1521 516 1590 duo
541 1534 701 1592 accurate
725 1521 1048 1612 distinguebantur,
1072 1544 1198 1614 nempe
1215 1520 1376 1591 meritum
1394 1540 1475 1587 can·

203 1647 280 1708 sae,
323 1639 359 1696 ct
401 1626 607 1717 procedendi
643 1627 767 1698 forma.
796 1626 914 1714 Quoad
940 1629 1101 1697 meritum
1128 1649 1248 1698 carnae
1276 1624 1475 1702 dicebatur,

199 1744 373 1813 constare,
393 1755 434 1802 ex
461 1732 551 1803 iacto
569 1747 664 1804 etex
689 1735 794 1814 actis,
813 1733 1026 1804 Caranicum
1052 1737 1093 1804 Α.
1112 1756 1176 1825 per
1195 1754 1323 1804 annum
1339 1755 1358 1803 a
1374 1731 1478 1800 eboro

199 1837 374 1919 abfuisse,
400 1851 436 1909 et
460 1851 614 1931 apertam
640 1863 716 1911 esse
740 1841 1000 1933 dispositionem
1027 1840 1147 1933 synodi
1172 1839 1393 1910 Tridentinae
1410 1857 1477 1927 qua

200 1944 397 2016 Canonicus
421 1967 483 2037 pro
507 1947 620 2039 primo
644 1969 734 2017 anno
758 1969 827 2017 non
854 1947 1006 2017 residens
1031 1946 1187 2038 privatur
1203 1945 1391 2016 medietate
1408 1942 1480 2011 iru-

196 2062 345 2133 ctunm,
371 2053 577 2142 praesertim
594 2074 673 2123 curn
691 2053 785 2122 nulla
801 2053 881 2122 data
899 2052 1001 2122 suerit
1018 2074 1037 2122 a
1054 2049 1227 2121 Canopico
1244 2052 1286 2120 Α.
1306 2049 1476 2126 dilatoria,

201 2155 255 2228 vel
282 2158 516 2248 peremptoria
542 2159 713 2250 exceptio.
734 2157 853 2244 Quoad
876 2159 1018 2250 sormam
1039 2159 1072 2226 in
1100 2157 1221 2226 iisdem
1247 2154 1479 2247 responsionis

198 2263 313 2336 lituris
325 2263 699 2354 adnotabatur‚rerum
722 2266 862 2357 quidem
878 2289 953 2335 esse
967 2265 1063 2335 iuxta
1076 2263 1321 2334 resolutionem
1335 2262 1371 2331 S.
1385 2259 1425 2330 C.
1436 2259 1476 2330 C.

202 2369 237 2437 in
249 2389 354 2439 causa
366 2366 549 2440 Vercellen.
561 2370 668 2440 relata
686 2393 704 2440 a
722 2368 909 2442 Benedicta
923 2371 1009 2440 XlV.
1025 2372 1061 2439 in
1076 2369 1157 2440 lust.
1177 2372 1239 2438 107
1255 2391 1289 2436 u.
1305 2371 1363 2450 37,
1379 2367 1477 2438 citari

196 2475 328 2547 debere
351 2474 561 2546 Canonieam
582 2477 632 2546 sic
657 2476 836 2548 absentem
852 2477 897 2547 ud
913 2475 1124 2570 ollepandcru
1141 2488 1275 2546 causam
1291 2494 1397 2567 qnare
1413 2495 1477 2541 tren

197 2578 317 2650 debeat
329 2581 463 2674 privari
491 2583 589 2653 iuxta
600 2582 745 2654 Consilii
759 2583 938 2654 decretum
953 2583 1124 2654 fructibus
1140 2579 1311 2670 beneficii.
1323 2579 1368 2648 bt
1382 2602 1481 2672 prae·

202 2687 454 2777 terquamquod
489 2688 573 2760 baec
604 2689 639 2758 in
673 2689 865 2760 substantia
899 2690 1080 2760 observata
1112 2688 1280 2766 suerunt,
1313 2708 1355 2756 eo
1386 2685 1478 2777 quod

202 2788 397 2862 Canonicus
423 2797 464 2862 Α.
491 2794 620 2865 citatus
644 2818 705 2866 seu
731 2808 873 2867 vocatus
898 2797 1010 2868 luerat
1035 2797 1069 2864 in
1102 2795 1241 2875 iudicio,
1273 2805 1312 2862 nt
1343 2791 1480 2861 audiret

200 2896 381 2968 decretum
406 2921 510 2991 super
534 2901 726 2992 privatione
759 2902 957 2972 medietatis
981 2902 1171 2981 fructuum,
1199 2901 1264 2970 nisi
1287 2896 1478 2988 legitimam

200 3003 400 3098 iustamque
424 3005 610 3078 adduceret
627 3009 803 3080 absentiae
820 3030 976 3092 eausam,
996 3023 1031 3082 et
1048 3023 1235 3080 contumax
1257 3006 1394 3088 extitit3
1416 3005 1478 3074 bas

203 3122 317 3183 tamen
337 3112 463 3183 laumas
478 3111 673 3184 iudiciarias
686 3116 720 3184 in
733 3117 907 3208 praesenti
925 3140 1041 3199 cansa,
1053 3117 1179 3197 aiebat,
1198 3115 1313 3186 locum
1331 3112 1395 3183 sibi
1409 3135 1477 3182 non

200 3215 391 3288 vindicare.
411 3218 551 3288 Etenim
576 3218 713 3291 duobus
737 3222 906 3314 negativis
923 3224 1101 3316 rescriptis
1119 3244 1237 3314 preces
1252 3219 1417 3290 Canonici
1435 3219 1475 3288 Α.

204 3323 353 3393 reiectae
371 3323 508 3395 inerant
529 3348 548 3394 a
573 3325 608 3395 S.
628 3325 668 3396 C.
688 3326 728 3398 C.
747 3329 867 3421 inqua
891 3329 933 3399 ad
960 3331 1125 3400 trutinam
1152 3349 1275 3398 causae
1299 3327 1475 3418 legitimae

202 3427 383 3500 abessendi
405 3453 424 3500 a
445 3431 549 3502 cboro
574 3446 791 3505 revocantur.
817 3435 1024 3506 Praesertim
1049 3459 1127 3507 curn
1156 3455 1222 3503 non
1245 3432 1411 3524 agebatur
1435 3432 1477 3501 de

203 3535 399 3627 privatione
412 3537 570 3610 beneficii
583 3540 618 3608 in
631 3562 698 3631 qua
718 3541 848 3614 lornrae
866 3541 1044 3612 iudiciales
1068 3540 1301 3634 praescriptae
1321 3540 1479 3609 adamus-

206 3641 270 3711 sim
296 3654 331 3712 et
357 3643 422 3712 sub
447 3644 617 3716 nullitatis
642 3669 752 3738 poena
777 3663 858 3720 sunt
887 3649 1140 3728 observandae,
1175 3647 1231 3717 sed
1267 3657 1403 3715 tantum
1436 3645 1478 3714 de

205 3749 317 3838 prima
344 3747 521 3820 fructuum
546 3753 749 3844 privatione.
770 3753 861 3825 Haec
888 3779 930 3827 es
956 3754 1118 3846 Episcopi
1143 3753 1265 3824 literis.

273 3853 453 3944 Proposita
487 3855 603 3948 itaque
628 3856 749 3927 Sacrae
774 3857 1039 3951 Congrcgationi
1064 3857 1131 3927 fuit
1156 3878 1257 3927 causa
1283 3854 1347 3924 sub
1372 3852 1477 3924 dubio

202 3960 294 4052 quod
319 3959 407 4030 inira
432 3961 614 4045 scribitur,
650 3961 801 4047 scilicet,
832 3987 876 4035 an
911 3963 1143 4035 confirmanda
1173 3974 1264 4034 esset
1296 3959 1351 4032 vel
1385 3961 1478 4030 inbr-

198 4065 328 4135 -manda
352 4065 515 4158 Episcopi
540 4067 724 4138 sententia.

252 4335 288 4394 (t)
307 4329 422 4399 Quando
445 4329 555 4402 supplex
581 4330 689 4387 libellus
711 4331 809 4387 relatus
862 4311 1088 4402 ·relatunr-qua
1105 4331 1275 4402 significator
1294 4327 1417 4384 ttbetton
1438 4341 1479 4380 re·

201 4416 235 4468 R.
258 4415 380 4469 Pontifici
403 4415 508 4470 nulium
528 4417 639 4470 sortitur
661 4417 808 4482 eflectum,
862 4416 948 4472 latum
967 4417 1075 4488 quidem
1094 4415 1177 4471 fuisse
1189 4419 1222 4470 R.
1239 4413 1374 4482 Pontifici,
1387 4424 1479 4484 preces

203 4500 339 4570 responsio
355 4515 423 4569 quae
444 4501 524 4556 datur
540 4515 571 4556 cx
583 4500 652 4572 stylo
663 4503 758 4558 Curiae
770 4510 811 4556 est
863 4509 952 4556 tamen
965 4501 1084 4557 exaudiri
1099 4517 1151 4555 non
1165 4501 1304 4556 meruisse.
