3248 5004
589 431 805 480 snncnosrms
824 428 986 477 cassatur.
1386 404 1426 468 to

220 536 412 608 Rcsronsro.
437 533 474 606 S.
501 533 733 627 Congregatio
756 531 900 604 Coneiiii
925 530 981 602 die
1006 531 1051 601 23
1071 529 1154 600 Maii
1182 533 1266 600 1861
1299 526 1335 599 in
1362 526 1427 598 bao

149 664 257 713 eausa
282 665 347 736 per
377 639 566 710 summaria
592 659 733 732 precum
764 636 923 728 exposita
951 635 1087 706 censuit
1119 631 1425 726 respondendum:

152 745 255 816 Posce
275 744 443 840 permitti,
455 742 618 837 prudenti
633 741 773 812 arbitrio
790 741 959 836 Episcopi,
978 739 1283 810 remunerationem
1302 738 1428 808 intuitu

149 851 276 922 laboris
305 863 339 921 et
371 847 600 938 incommodi,
624 845 760 919 exclusa
782 845 930 941 qnalibet
961 844 1169 940 eleemosyna
1196 868 1259 940 pro
1281 841 1429 940 applica·

149 959 242 1028 tione
266 955 399 1028 Missae.

222 1165 337 1255 Quare
354 1166 521 1261 perspicis
537 1164 576 1236 ob
593 1165 740 1235 rationes
764 1177 897 1234 tantam
921 1162 1144 1242 ceramon,
1160 1160 1287 1233 iubaris
1304 1183 1429 1254 nempe

150 1285 190 1344 et
214 1271 424 1346 incommodi
445 1270 600 1364 permitti
615 1268 790 1342 interdum
808 1289 911 1361 posse
928 1266 1078 1358 aliquam
1095 1265 1427 1346 remunerationem,

151 1376 253 1448 firma
276 1389 440 1448 manente
463 1374 696 1468 prohibitione
720 1372 909 1469 recipiendi
933 1369 1065 1464 aliquid
1089 1369 1219 1440 intuitu
1243 1368 1429 1462 eleemosy-

150 1503 217 1554 nae
240 1504 305 1577 pro
328 1483 452 1554 Missae
472 1480 717 1573 applicatione.

658 1667 921 1702 -ιφ-ι

581 1850 1021 1928 emmerammo>

187 2033 222 2082 π
240 2033 312 2096 Ara.
332 2033 410 2084 ¹88⁴.
906 2024 980 2084 Sera.
994 2033 1037 2082 2⁴.
1050 2043 1076 2084 e.
1087 2031 1113 2082 t.
1125 2025 1291 2096 defletorm.
1308 2031 1396 2086 Matr.

223 2236 511 2302 compe-mun
533 2237 640 2296 mett.
664 2223 741 2296 Etsi
765 2221 847 2295 Cuia
872 2247 962 2294 uxor
987 2223 1070 2294 Titii
1110 2247 1130 2294 e
1153 2224 1302 2294 maritali
1327 2223 1430 2296 domo

147 2327 306 2420 legitime
337 2328 482 2420 expulsa
514 2330 662 2417 suisset3
689 2351 891 2404 concessum
922 2340 1041 2401 tamen
1075 2330 1187 2401 eidem
1212 2329 1355 2412 iuerat,
1391 2344 1430 2401 ut

149 2433 215 2505 filii
240 2434 300 2528 qni
324 2433 389 2505 sub
412 2446 588 2527 potestate
614 2438 697 2509 Titii
736 2449 952 2517 manserunt,
984 2449 1133 2507 matrem
1158 2456 1256 2506 suam
1281 2436 1430 2509 invisere

149 2539 327 2612 interdum
351 2551 504 2632 possent.
524 2541 596 2613 Huc
625 2541 884 2615 circumstantia
908 2540 1016 2612 abusa
1044 2553 1097 2613 est
1124 2553 1238 2612 mater
1263 2553 1302 2612 ut
1323 2541 1429 2612 fliium

150 2667 254 2718 sunm
278 2647 447 2739 Agnetem
472 2650 633 2737 sequenti
659 2650 793 2720 ratione
817 2647 992 2740 proderet.

220 2749 311 2822 Cum
337 2751 428 2824 enim
452 2750 583 2820 nubilis
609 2754 724 2846 Agnes
750 2755 784 2823 in
809 2764 952 2846 paterna
976 2753 1080 2825 domo
1104 2753 1246 2845 degeret
1287 2753 1322 2822 in
1345 2753 1428 2824 civi-

149 2867 225 2930 tate
242 2858 285 2928 A.
304 2871 340 2931 et
363 2858 588 2930 conversandi
614 2882 719 2931 cansa
743 2861 785 2932 ad
808 2858 980 2952 quandam
1006 2859 1263 2951 frequentatam
1286 2857 1428 2928 domum

149 2963 328 3040 interdum
351 2963 547 3046 accederet,
565 2966 713 3058 contigit
737 2979 777 3037 ut
801 2966 854 3037 vir
877 2965 1017 3056 quidam
1043 2964 1269 3057 Sempronius
1293 2964 1360 3033 iam
1379 2963 1429 3030 ri-

151 3071 268 3152 duus,
295 3091 412 3143 amore
440 3069 584 3163 Agnetis
616 3072 862 3164 corriperetur.
889 3069 978 3140 Tum
1005 3068 1119 3140 Titius
1151 3067 1427 3139 adolescentulae

150 3187 272 3268 pater,
299 3189 374 3246 tum
399 3176 473 3268 ipsa
496 3174 755 3247 adolescentula
786 3179 921 3269 Agnes,
955 3174 1151 3266 Sempronii
1183 3173 1359 3243 instantiis
1384 3173 1427 3242 ad

150 3279 384 3352 conciliandas
413 3281 553 3372 nuptias
585 3283 780 3372 porrectis,
814 3303 882 3353 non
911 3279 1019 3352 semel
1052 3280 1283 3362 restiterunt;
1316 3279 1428 3349 donec

150 3385 376 3478 Sempronius
399 3385 489 3457 banc
513 3385 707 3479 legitimam
722 3389 815 3459 viam
840 3387 906 3459 sibi
931 3384 1147 3479 praeclusam
1164 3385 1424 3478 praesentiens,

150 3490 255 3564 aliam
279 3512 422 3585 prorsus
446 3493 659 3577 inauditum,
686 3494 753 3565 sibi
778 3493 999 3588 aperiendam
1022 3491 1170 3564 curavit.

221 3595 310 3668 Sanc
336 3596 472 3691 (prouti
490 3621 533 3671 ex
551 3601 639 3671 actis
662 3601 838 3691 eruimus)
867 3621 946 3670 cum
972 3599 1054 3668 Cuia
1077 3596 1221 3689 Agnetis
1246 3606 1372 3677 mater,
1392 3599 1428 3667 in

148 3701 299 3798 quadum
323 3725 383 3774 aru
408 3706 582 3776 maritima
609 3705 649 3776 B.
668 3706 770 3799 longe
790 3729 810 3777 n
831 3705 973 3779 civitate
998 3704 1054 3784 A.‚
1079 3701 1120 3772 ad
1145 3699 1266 3772 balnea
1291 3702 1429 3774 ratione

149 3807 359 3880 valetudinis
383 3808 547 3902 degeret,
575 3825 610 3884 et
635 3811 750 3883 Titius
775 3811 919 3904 Agnetis
949 3822 1072 3903 pater,
1098 3807 1218 3879 eodem
1244 3819 1426 3900 tempore,

147 3917 285 3988 ratione
301 3915 353 3985 sni
371 3913 475 3985 officii
493 3917 711 3990 discessisset
725 3943 744 3990 e
758 3940 820 3988 sua
833 3917 975 3988 civitate
988 3916 1049 3996 A.,
1068 3915 1181 4005 Agnes
1201 3935 1283 3983 eum
1299 3912 1429 3985 famula

150 4021 349 4093 educatrice
372 4019 508 4112 aliaque
532 4043 650 4094 sorore
675 4023 801 4093 iuniori
817 4022 975 4092 eumdem
993 4020 1108 4089 locum
1125 4016 1164 4087 B.
1183 4017 1300 4110 petiit,
1318 4041 1431 4091 suam·

150 4147 222 4220 que
237 4139 385 4198 matrem
402 4125 521 4196 invisit
538 4126 572 4196 in
591 4127 731 4221 publico
747 4126 937 4197 diversorio
961 4124 1192 4196 habitantem.
1219 4123 1349 4197 Mansit
1365 4127 1430 4197 ibi-

200 4296 361 4368 (attitulas
382 4309 522 4350 museum
547 4305 702 4351 constanter
718 4311 760 4350 re-
814 4294 897 4348 nitate
924 4292 1341 4366 cansaoaiicgari.Solentponi
1356 4295 1427 4351 tituli

145 4374 264 4432 [mmm
285 4377 373 4447 prouti
396 4377 423 4432 in
447 4375 494 4430 SS.
514 4376 758 4446 congregationum
812 4379 885 4431 iuxta
903 4378 949 4432 SS.
961 4379 1013 4434 CC.
1024 4379 1126 4447 praxim
1154 4380 1205 4435 boe
1221 4395 1286 4436 canu
1302 4380 1428 4452 obliquo,

144 4462 213 4516 actis
223 4461 757 4533 repennutnentponimproopponn-
808 4463 871 4533 qnia
882 4461 1099 4534 subintelligitur
1109 4467 1215 4522 cansa.
