3248 5004
169 373 214 436 ab
694 388 841 437 arrasam
861 389 896 434 rr.

166 498 215 556 dtr
242 499 277 559 18
302 498 373 559 tutu
399 498 477 558 1778
497 503 524 556 et
542 495 666 558 debaita
688 497 736 554 die
758 497 777 556 a
830 509 892 573 que
912 490 1078 554 duceretin
1091 489 1215 553 domum
1229 509 1328 554 suam.
1346 493 1440 553 l’rae·

166 602 291 676 Airgmtr
304 597 437 658 eiusdem
452 598 534 670 anai,
550 596 652 658 denuo
662 594 778 656 carrlia·
830 601 921 672 cepta
938 595 1040 654 llatris
1055 594 1127 656 licet
1140 595 1251 654 inritus
1262 594 1442 654 Francia-us

166 699 364 760 maledieti
386 701 462 758 lunii
488 699 588 770 1780,
612 697 690 759 baec
711 704 777 759 arat
829 693 1068 775 obtemperarit,
1095 698 1304 774 pervenitque
1318 695 1355 755 ad
1372 697 1442 755 blo--

167 800 377 878 tactispecies:
393 799 777 878 Bnrbnradegensiaqao-
830 797 1012 858 casterium.
1027 814 1096 858 cum
1117 795 1247 858 Barbara
1269 798 1438 859 rescivisset

167 902 236 962 dara
259 903 441 962 Monasterta
470 903 592 981 nuptias
618 901 775 974 anhelans,
829 900 933 960 adesse
953 899 1093 978 rhedam,
1113 899 1200 960 laesis
1214 899 1344 961 Claustri
1368 903 1442 961 ria·-

167 1002 395 1065 lamiliaritatem
409 1006 638 1065 aarrtraritcum
648 999 777 1065 Xareria
829 1001 921 1075 culia,
939 1000 1089 1081 sagaciter
1102 999 1141 1061 ad
1159 1000 1282 1062 rbedam
1301 1005 1437 1074 accessit,

166 1112 197 1164 et
208 1105 343 1165 eiusdem
357 1104 778 1179 iratrel'raaeisco,occaaio·
829 1109 859 1163 et
875 1120 932 1182 per
948 1120 980 1164 se
998 1103 1091 1182 ipsam
1115 1104 1229 1180 apertis
1251 1103 1389 1181 valvulis,
1406 1107 1435 1164 in

166 1223 273 1286 itaqua
284 1205 375 1267 iidem
389 1206 568 1286 frequenter
578 1207 615 1267 ad
626 1206 701 1268 illud
713 1225 778 1268 ma·
829 1223 896 1266 eam
915 1204 1065 1280 ascendit,
1085 1223 1121 1266 ao
1143 1205 1223 1265 inter
1243 1204 1325 1266 illius
1346 1205 1440 1267 calci·

167 1306 778 1369 casteriumaccedebaatcausaiarisendi
829 1310 892 1367 tras
913 1323 945 1366 se
968 1305 1141 1377 abscondit,
1161 1311 1195 1366 ut
1211 1325 1227 1367 a
1243 1305 1363 1366 nemine
1384 1325 1442 1366 ca·

165 1426 235 1469 siras
253 1409 493 1486 consanguineas
506 1407 618 1469 ibidem
634 1408 778 1470 idoniales
829 1414 1042 1484 gnoscerctur,
1065 1406 1254 1486 subindeque
1277 1408 1438 1469 Francisao

166 1510 329 1589 professas.
354 1510 409 1570 lita
436 1511 514 1570 enim
543 1509 654 1589 pluries
682 1489 776 1573 moda
829 1525 954 1589 quoque
977 1509 1101 1571 rbedam
1124 1527 1267 1586 ascenso,
1287 1512 1443 1589 petierant

166 1629 235 1671 cunr
253 1629 327 1691 aaa,
338 1613 432 1673 moda
445 1631 513 1673 aum
529 1612 626 1674 altera
639 1631 675 1674 er
689 1613 778 1675 dictis
830 1610 938 1671 Villam
949 1610 1169 1691 A.,atteraqne
1179 1610 1227 1672 die
1238 1620 1441 1691 pervenerunt

166 1712 313 1773 tratribus
338 1720 451 1775 secreta
484 1712 592 1775 babuit
623 1714 778 1793 colloquia
829 1711 1439 1776 athillamB.ubilarcserantdictarmn

166 1813 342 1894 eisdemque
359 1814 499 1894 pandidit
516 1815 702 1877 saluritatem
725 1836 777 1879 su·
828 1813 979 1890 fratrum3
1004 1813 1108 1893 ibique
1140 1815 1292 1889 adventis,
1324 1815 1444 1876 Barba·

166 1933 232 1992 arn,
245 1932 324 1995 quae
336 1922 401 1977 erat
412 1917 776 1996 nuaqaamampiacteadi
829 1932 894 1976 ram
916 1915 996 1976 ultra
1019 1914 1145 1977 modum
1161 1915 1287 1977 hilarem
1303 1917 1407 1977 eduxit
1424 1937 1443 1978 e

167 2016 470 2096 statumreligiasunr
492 2018 779 2099 (qaemutample
829 2015 925 2079 rbedu
956 2017 1094 2097 Ignatias
1123 2035 1158 2078 er
1185 2017 1331 2078 iratribus
1368 2027 1443 2080 natu

165 2125 300 2179 claretur
328 2119 514 2199 exoptabant
540 2126 694 2200 parentes)
725 2121 777 2183 sed
829 2118 1355 2200 maiorquiaridieaateadventam
1366 2122 1445 2181 Bor·

167 2221 394 2283 matrimonium
418 2222 618 2284 contrahendi
640 2231 776 2302 quanto·
828 2219 919 2282 barae
939 2221 977 2283 ad
1001 2221 1128 2283 domurn
1152 2239 1237 2283 suam
1254 2241 1289 2283 ex
1306 2221 1442 2302 quadam

166 2322 779 2405 cius3babitaqueaatitiaqaadaliierant
829 2322 936 2385 itinere
952 2321 1097 2384 redierat.

167 2423 319 2486 Francisci
370 2431 400 2486 et
423 2425 544 2487 xaverii
567 2424 677 2487 iratres
704 2433 777 2489 aatu
894 2424 1027 2488 Barbara
1054 2428 1155 2488 statim
1186 2443 1221 2487 ac
1251 2425 1327 2488 vidit
1350 2427 1440 2504 lgna·

167 2527 318 2600 rariores,
343 2527 464 2605 rogavit
484 2527 719 2605 Xaverium,ut
739 2528 778 2590 il·
828 2527 905 2588 tium
952 2527 1036 2587 illico
1060 2526 1207 2588 allectam
1231 2543 1318 2588 suam
1349 2545 1443 2606 quern

165 2626 439 2707 lissignilrcaretsa
451 2629 778 2693 caramalteriaubere
829 2645 902 2706 erga
920 2627 1064 2690 eumdem
1080 2635 1181 2690 menta
1203 2633 1234 2690 et
1255 2629 1348 2690 corde
1363 2647 1442 2689 aaa·

167 2730 256 2805 velle,
269 2728 777 2811 significaretqueparitereoruur·
829 2737 951 2810 ceperat
972 2729 1119 2792 ostendit.
1138 2730 1208 2811 lpsa
1230 2731 1308 2790 euim
1331 2731 1444 2792 institit

166 2831 234 2892 dero
250 2833 425 2912 pareatibus
437 2841 472 2894 at
484 2832 609 2894 rbedam
627 2833 777 2896 submini—
829 2849 922 2911 peaes
935 2831 1106 2893 Tberesiam
1118 2831 1225 2910 ignatii
1240 2836 1367 2892 matram
1384 2849 1443 2910 aro

165 2940 298 2994 strarant
311 2952 368 3013 pra
380 2933 555 2996 huiusmodi
566 2936 776 2998 contrahenda
829 2932 1047 2995 contrahendis
1075 2933 1191 3012 nuptiis
1215 2950 1283 2994 oum
1304 2934 1441 3010 lgrmtio.

167 3037 387 3114 Matrimonia,
415 3036 530 3099 addens
561 3037 646 3118 quod
670 3040 695 3100 si
717 3039 777 3101 boc
829 3034 1442 3117 Remissisablipiscopoduabusdenun·

163 3137 366 3198 frustraretur
383 3139 580 3216 coniugium,
595 3157 626 3201 se
640 3147 776 3219 paratam
829 3135 1034 3213 ciatiauibas,
1057 3154 1118 3197 aaa
1147 3143 1266 3197 tantum
1297 3136 1439 3215 expleta,

163 3255 241 3314 esse,
260 3255 316 3317 pra
339 3238 440 3318 aliqua
464 3240 592 3301 fruenda
615 3240 775 3320 libertate,
828 3239 1055 3300 matrimonium
1093 3241 1123 3298 in
1153 3236 1257 3299 facicm
1288 3237 1440 3298 Ecclesiae

163 3340 253 3415 iungi
278 3340 389 3418 cuique
412 3340 526 3402 bamini
549 3342 640 3402 etiam
657 3341 777 3404 intimae
828 3345 1057 3401 contraxerant.

178 3429 373 3507 conditionis,
892 3444 982 3502 Serto
996 3441 1176 3503 decurrente
1189 3440 1442 3502 blatrirnauiian·

228 3542 462 3622 llaecexplicita
475 3543 622 3605 Barbarae
634 3545 777 3607 voluntas
830 3561 870 3605 no
890 3561 958 3604 cum
980 3543 1127 3621 coniuges
1143 3541 1181 3604 ad
1199 3541 1445 3604 reconciliandas

163 3661 234 3703 cum
259 3645 352 3704 relata
377 3645 481 3705 luisset
501 3645 660 3707 Tberesiae
689 3655 775 3708 ante·
829 3648 947 3707 animos
975 3652 1136 3725 parentum
1159 3644 1256 3724 ipsius
1277 3645 1443 3718 Barbarae,

164 3745 319 3805 dictorum
335 3745 463 3806 fratrum
481 3747 580 3823 blatri,
598 3747 671 3808 baec
684 3750 777 3808 remi·
830 3747 881 3827 qui
898 3747 1098 3808 morabantur
1114 3748 1142 3807 in
1156 3747 1286 3826 quadem
1300 3746 1376 3808 vitta
1390 3747 1444 3820 G.,

164 3847 283 3904 nisaeus
305 3847 460 3907 suasiones
472 3847 529 3908 sibi
547 3847 643 3910 lactas
656 3847 693 3909 ab
712 3853 778 3910 dvo
830 3850 1027 3912 accessissent
1051 3850 1222 3927 lri‚reteata
1246 3849 1375 3910 Barbara
1390 3850 1445 3908 Fi·

161 3953 303 4007 materno
319 3948 452 4009 ciusdem
472 3949 636 4023 Barbarae,
655 3957 688 4010 at
705 3953 778 4012 llar-
830 3955 883 4026 lia,
908 3953 1037 4032 viroque
1065 3951 1212 4031 expulsa,
1246 3950 1443 4032 postularunt

162 4049 268 4108 baram
288 4051 353 4109 eius
377 4057 497 4128 rientem
522 4053 552 4111 in
577 4070 702 4112 uxorem
720 4053 777 4114 da·
830 4055 952 4116 adoria
974 4052 1139 4132 episcopali
1164 4050 1311 4113 declarari
1336 4053 1445 4112 Matri·

162 4155 209 4209 rot
232 4148 323 4211 alicui
342 4169 377 4212 er
395 4154 458 4212 sais
477 4151 564 4232 titiis,
589 4153 715 4214 rbedam
739 4155 776 4216 ad
831 4155 924 4216 maaii
948 4154 1118 4215 nullitatem
1135 4171 1174 4212 ea
1189 4171 1276 4212 cuum
1297 4160 1398 4229 raptus
1413 4159 1446 4212 ia

161 4249 326 4312 Barbarum
352 4253 433 4314 misit
456 4271 514 4314 aaa
535 4272 603 4315 cunr
622 4254 778 4316 cubicula·
827 4275 949 4333 persana
974 4257 1132 4328 barbarae,
1148 4259 1178 4314 tn
1192 4253 1321 4313 absentio
1332 4270 1445 4330 pamn-

161 4353 218 4427 ria,
239 4359 270 4414 et
293 4357 449 4434 praecenit
472 4357 634 4417 Fraacisca
657 4356 720 4418 irtio
744 4362 778 4418 at
829 4367 902 4416 tum.
916 4355 1064 4417 Confecto
1077 4373 1235 4434 processu,
1248 4353 1397 4416 sententia
1411 4353 1445 4414 ia

160 4454 776 4520 iailinarecomitaretarllarbarameam·
829 4459 929 4538 primo
950 4457 1046 4534 grado
1073 4456 1191 4538 prodiit
1205 4473 1264 4536 pro
1287 4455 1446 4518 validitate
