3248 5004
214 407 234 474 l
753 427 933 476 rnonatxxa

212 535 248 596 ot
272 521 466 599 illustrant.
488 519 680 592 cuiusmodi
705 520 909 613 praesertim
934 533 1015 590 sunt
1043 521 1265 592 authenticae
1296 517 1479 592 dubiorum

211 639 442 714 resolutiones
465 663 553 733 quae
577 663 639 734 per
654 639 777 712 Saccas
794 638 959 710 Emorum
984 637 1220 709 Cardinalium
1237 635 1481 728 congregatio

211 783 274 832 nes
297 759 371 831 fieri
396 760 519 832 solent.
546 759 632 830 Acta
651 758 770 851 itaque
795 756 921 828 selecta
942 757 1044 828 liuius
1063 757 1203 839 classis,
1222 755 1405 848 praecipue
1426 776 1481 825 re-

211 879 301 952 terre
326 879 551 950 intendimus.

280 996 409 1070 Crebro
445 1020 548 1091 porro
585 995 786 1089 contingit,
822 1007 861 1065 ut
896 995 987 1066 inter
1022 992 1219 1064 huiusmodi
1256 1002 1360 1072 acta,
1399 988 1479 1059 talia

209 1117 445 1210 reperiantur,
472 1138 561 1208 quae
590 1128 734 1208 propter
766 1137 862 1184 suam
886 1112 1056 1207 prolixam
1082 1111 1262 1184 materiem
1289 1109 1427 1199 integre
1445 1108 1480 1178 in

209 1235 429 1328 ephemeride
458 1235 584 1328 exponi
615 1235 818 1327 nequirent,
846 1254 909 1305 nec
937 1231 1071 1305 utiliter
1095 1230 1319 1303 reserrentur.
1348 1226 1481 1297 Accidit

209 1351 303 1424 enim
327 1376 450 1451 saepe,
470 1365 510 1424 ut
525 1354 682 1447 quaestio
708 1375 750 1424 ex
776 1375 850 1424 sese
874 1373 942 1424 non
960 1350 1144 1422 admodum
1170 1348 1344 1441 implexa,
1363 1369 1406 1416 ex
1422 1343 1483 1414 do·

208 1469 381 1544 cumensis
408 1485 545 1554 tamen,
569 1494 659 1565 quae
676 1471 718 1542 ad
737 1471 866 1541 factum
883 1483 1144 1543 controversum
1173 1462 1481 1538 demonstrandum

208 1589 289 1662 hinc
314 1590 393 1663 inde
418 1590 661 1674 deducuntur,
689 1613 732 1662 ex
766 1590 913 1682 copiosis
940 1589 1162 1662 defensorum
1191 1583 1481 1679 allegationibus,

208 1709 335 1802 quibus
351 1709 393 1781 ad
410 1711 577 1780 trutinam
601 1709 823 1803 quaestiones
847 1709 919 1781 sive
944 1709 1029 1779 iuris
1049 1707 1123 1778 sive
1147 1705 1228 1776 facti
1253 1719 1481 1786 revocantur,

208 1827 245 1898 in
268 1849 429 1922 magnam
446 1829 572 1900 rnolem
590 1838 804 1899 concrescat.
823 1828 872 1898 Ad
890 1828 976 1898 baec
997 1826 1115 1917 itaque
1133 1821 1333 1895 declinanda
1353 1823 1484 1894 incom-

208 1945 328 2031 moda,
355 1945 390 2015 in
415 1945 605 2017 referendis
629 1945 734 2016 huius
758 1945 891 2036 generis
914 1945 1022 2027 actis,
1043 1944 1133 2014 hanc
1157 1940 1360 2014 methodum
1385 1943 1482 2034 sequi

207 2065 420 2136 censuimus.
454 2063 577 2148 luitio,
607 2064 821 2158 quaestionis
852 2064 1007 2147 lactum,
1033 2063 1191 2154 diligenti
1224 2062 1364 2145 studio,
1391 2085 1482 2133 com·

208 2183 374 2276 pendiosc
400 2205 643 2276 exponemus3
673 2183 722 2253 ita
754 2194 898 2269 mmen,
932 2197 971 2255 ut
1003 2205 1068 2255 nec
1098 2180 1277 2265 claritati,
1304 2180 1484 2274 multoque

207 2301 323 2372 minus
347 2301 429 2373 facti
455 2303 593 2374 veritati
618 2300 867 2397 praeiudicium
895 2301 1071 2374 afferatur.
1098 2299 1204 2371 Facto
1227 2299 1277 2371 ita
1300 2312 1481 2382 enarrate,

206 2419 451 2511 compendiose
475 2421 606 2513 pariter
630 2419 814 2516 praecipua
838 2421 1045 2493 adiicientur
1069 2417 1307 2491 defensionum
1339 2419 1480 2511 capita,

206 2559 296 2629 quac
320 2537 489 2631 disputari
514 2539 721 2632 contigerit,
739 2539 811 2611 sive
835 2564 878 2612 cx
905 2537 1047 2632 Officio,
1070 2535 1159 2609 idest
1184 2560 1245 2630 per
1271 2541 1483 2631 respectivae

206 2656 420 2729 Secretariae
443 2656 707 2753 Praepositum,
725 2656 872 2731 aliumve
893 2681 914 2729 a
932 2656 968 2727 S.
985 2655 1149 2726 tribunali
1167 2657 1391 2751 deputatum
1408 2659 1482 2730 sive

207 2796 271 2866 per
290 2774 545 2847 Advocatorum
570 2775 803 2860 defensiones
831 2775 977 2848 adiectis
993 2773 1035 2845 ad
1052 2773 1182 2848 calcem
1206 2776 1387 2849 dubiorum
1414 2776 1484 2848 lor·

206 2891 333 2977 mulis,
359 2907 397 2966 ct
421 2896 621 2968 authentica
646 2896 846 2968 eorumdem
871 2894 1045 2967 solutione
1069 2917 1089 2965 a
1113 2895 1304 2989 respectiva
1330 2896 1365 2967 S.
1392 2895 1483 2966 Con·

205 3013 406 3106 qregatione
430 3013 514 3085 lata.

276 3130 361 3203 Post
384 3132 470 3204 baec
494 3133 631 3214 omnia,
656 3155 719 3226 pro
743 3156 780 3205 re
805 3145 908 3213 nata,
934 3131 1025 3203 baud
1055 3134 1260 3205 omittemus
1291 3131 1481 3225 legentium

206 3249 341 3322 animm
357 3251 532 3345 paulisper
549 3248 659 3322 veluti
675 3251 847 3328 excitare,
867 3250 909 3321 ad
926 3252 1088 3324 nonnulla
1113 3250 1315 3346 singillatim
1331 3254 1482 3326 animad-

206 3367 395 3451 vertenda,
420 3369 493 3442 sive
525 3369 736 3454 theoretica,
763 3392 853 3463 quae
884 3370 1091 3464 principium
1122 3369 1261 3463 aliquod
1293 3370 1378 3442 iuris
1403 3372 1482 3443 illu-

205 3499 343 3572 strent,
368 3488 441 3560 sive
469 3488 621 3583 practica
645 3511 731 3582 quae
756 3489 949 3582 regularem
977 3489 1186 3586 procedendi
1210 3489 1349 3562 modum
1374 3493 1409 3562 in
1435 3493 1482 3562 si-

207 3604 351 3678 milibus
374 3609 488 3679 causis
514 3607 712 3701 respiciant.

279 3724 440 3819 lusupcr,
460 3747 540 3797 cum
566 3749 633 3800 non
660 3751 738 3800 raro
758 3725 955 3822 contingat,
974 3741 1015 3800 ut
1031 3750 1157 3799 causae
1181 3727 1293 3822 ipsae,
1312 3733 1481 3824 quaedam

206 3844 292 3915 iuris
309 3843 434 3938 placita
452 3845 668 3920 solummodo
685 3845 835 3916 indicata
852 3847 1072 3929 contineant,
1091 3861 1258 3939 quantum
1276 3852 1319 3921 ad
1336 3874 1479 3944 scopum

206 3962 243 4034 in
267 3984 371 4034 causa
395 3963 635 4055 attingendum
669 3961 837 4047 sulliciat,
862 3987 952 4057 quae
983 3964 1165 4038 notissima
1195 3969 1385 4060 generatim
1410 3994 1478 4042 non

205 4092 308 4164 sunt,
326 4091 362 4152 et
378 4082 578 4174 ceteroquin
595 4083 686 4154 scitu
704 4081 821 4167 utilia,
839 4107 879 4157 ea
912 4083 1059 4156 ulterius
1083 4108 1258 4180 exponere
1282 4089 1479 4161 curabimus

205 4205 242 4272 in
265 4198 546 4273 adnotationibus
570 4201 685 4274 causis
709 4200 792 4294 ipsis
816 4202 984 4286 adieetis3
1008 4204 1099 4296 quod
1117 4205 1145 4276 si
1162 4207 1248 4277 lraec
1272 4205 1375 4278 nimis
1406 4231 1481 4279 am-

205 4316 299 4412 plam
316 4318 453 4411 exigere
471 4321 653 4393 videantur
677 4319 976 4414 explanationem,
995 4344 1113 4394 eorum
1130 4325 1302 4417 expositio
1320 4327 1355 4397 in
1371 4326 1479 4399 libelli

207 4435 297 4522 flue,
324 4437 366 4508 ad
391 4441 592 4536 appendicis
616 4439 726 4511 instar
749 4441 829 4526 fiet,
856 4441 891 4511 in
916 4461 983 4534 qua
1008 4442 1113 4513 etiam
1139 4442 1256 4537 praello
1280 4444 1401 4518 fusiori
1425 4469 1479 4520 ca·
