3248 5004
186 491 208 558 8

211 491 231 560 ⁸
342 607 705 685 utsrttnsamnms
724 607 871 681 SUPER
890 605 1304 680 llmucutamrattt.

256 875 312 928 Dte
329 878 362 926 tt
379 871 544 929 Novembris
562 876 640 932 1804.

259 1151 482 1205 summaer·
501 1165 674 1218 procura.
697 1138 862 1210 Sacerdos
886 1138 1069 1210 eanonicus
1091 1138 1131 1208 Α.
1152 1136 1219 1210 iam
1245 1147 1355 1208 aetate
1382 1156 1456 1226 pro

192 1254 330 1327 vectus,
358 1243 541 1315 esinistrn
572 1243 726 1335 corporis
757 1243 864 1315 latere
896 1244 1095 1335 apoplexiae
1127 1242 1248 1313 morbo
1279 1253 1461 1332 correptus

192 1349 315 1420 fuerat.
330 1348 412 1420 Post
428 1350 569 1442 longum
588 1348 753 1440 temporis
770 1349 990 1421 intervallum
1029 1346 1197 1440 paralysis
1213 1369 1232 1416 a
1250 1347 1335 1439 pede
1350 1344 1461 1416 ferme

194 1455 353 1537 recessit,
379 1453 475 1526 laeva
502 1468 617 1526 tamen
641 1475 765 1524 manus
790 1452 837 1523 ita
862 1455 955 1525 iners
979 1464 1172 1534 manserat,
1199 1464 1239 1522 ut
1271 1475 1313 1523 ex
1338 1449 1458 1521 Medici

195 1558 365 1630 sententia
404 1579 472 1628 non
498 1557 564 1628 nisi
589 1569 720 1629 remota
738 1579 816 1648 spes
832 1556 1019 1650 effulgebat
1041 1556 1192 1648 aliquem
1217 1577 1356 1628 sensum
1387 1552 1460 1623 fore

197 1675 423 1756 recepturam.
438 1661 636 1733 Prohibitus
653 1684 733 1753 ergo
749 1663 933 1753 quominus
950 1663 1091 1733 Sacrum
1109 1675 1300 1753 perageret,
1314 1657 1458 1752 supplici

198 1792 296 1863 prece
321 1768 424 1860 petiit
448 1779 487 1839 ut
511 1791 554 1839 ex
581 1767 798 1860 apostolicae
826 1765 925 1838 Sedis
956 1767 1195 1859 benignitate,
1228 1788 1291 1858 per
1326 1764 1464 1855 dispen-

199 1875 364 1946 sationem
381 1872 423 1944 ab
440 1873 712 1967 irregularitate,
739 1873 848 1944 eidem
875 1872 1021 1943 facultas
1046 1871 1314 1954 concederetur,
1336 1868 1460 1940 debitis

197 1981 258 2051 sub
291 1979 454 2064 cautelis,
481 1982 607 2052 iterum
637 1977 759 2059 Missae
790 1977 1002 2049 Sacrificium
1032 1976 1210 2048 offerendi.
1238 1974 1460 2046 'fransrnissis

194 2088 237 2157 de
267 2109 364 2160 more
387 2088 429 2157 ad
454 2084 664 2179 Episcopum
688 2091 849 2180 precibus
875 2090 958 2181 (qui
984 2091 1053 2160 iam
1078 2086 1213 2159 easdem
1244 2085 1464 2154 cornmcnda·

195 2193 314 2282 verat)
333 2205 392 2274 ut,
417 2204 556 2285 peracto
580 2191 734 2266 Oratoris
760 2195 997 2290 experimento
1022 2215 1138 2266 coram
1161 2190 1463 2262 Caercmoniarum

195 2297 370 2389 Magistro,
392 2297 554 2369 distincte
575 2300 721 2372 referret
744 2301 787 2373 dc
812 2315 905 2372 statu
929 2300 1010 2370 laesi
1036 2299 1188 2382 braclrii;
1212 2295 1339 2388 quibus
1363 2294 1464 2388 plene

196 2401 410 2472 satisfaciens
423 2401 612 2492 respondit:
625 2403 828 2474 nPeractum
841 2417 895 2476 est
909 2403 1183 2496 experimentum
1196 2421 1310 2472 coram
1319 2399 1463 2470 sscae

200 2533 215 2574 a
236 2505 467 2578 remoniarum
481 2506 662 2599 Magistro,
681 2508 898 2601 relatumque
918 2508 1016 2579 nobis
1033 2506 1281 2582 estsOratorem
1304 2504 1467 2574 omnibus

200 2639 215 2679 a
238 2612 460 2683 facultatibus
485 2613 776 2686 intellectualibus
793 2615 1007 2706 praeditum,
1026 2625 1234 2704 potestatem
1253 2609 1377 2680 babere
1395 2632 1466 2679 me·

200 2746 215 2783 a
237 2719 380 2790 moriter
399 2717 538 2789 Secreta
556 2720 721 2792 recitandi
749 2743 788 2791 ac
801 2720 893 2790 clera
910 2743 993 2791 voce
1010 2717 1113 2787 rerba
1127 2717 1234 2790 libere
1250 2728 1285 2787 et
1301 2715 1465 2785 distincte

203 2846 218 2889 a
239 2821 505 2915 pronunciandi,
524 2837 563 2893 ut
586 2825 651 2893 rite
669 2824 809 2896 Sacrum
835 2823 1003 2915 perficiat.
1031 2822 1104 2893 llun
1130 2834 1247 2893 tamen
1272 2829 1353 2888 sunt
1377 2841 1467 2909 quae

203 2951 218 2993 r
239 2925 329 2996 idem
344 2922 495 2996 Caercm.
515 2927 676 3019 Magister
693 2943 795 3020 negat
811 2951 873 3020 per
889 2925 1070 3000 Oratorem
1087 2925 1219 2997 absolvi
1236 2947 1347 3019 posse.
1367 2923 1460 2994 Vide·

207 3055 221 3096 a
243 3030 324 3101 licet
353 3035 365 3100 l
395 3051 461 3103 non
479 3030 592 3102 valere
609 3031 763 3102 Hostiam
782 3053 912 3103 sacram
937 3030 1093 3124 frangere
1110 3052 1171 3123 per
1187 3031 1337 3100 medium
1363 3050 1467 3118 super

203 3159 218 3202 a
240 3134 380 3205 calicem
409 3134 550 3204 dextera
575 3146 710 3203 tantum
740 3139 900 3206 manmb
936 3157 1007 3210 non
1029 3135 1155 3216 valere,
1182 3133 1302 3204 eadem
1327 3132 1466 3202 dextera

204 3265 218 3307 a
241 3241 442 3318 dumtaxat,
469 3251 648 3330 extergere
673 3253 834 3330 patenam
859 3262 962 3332 super
985 3237 1142 3322 calicem,
1168 3259 1242 3310 eam
1269 3237 1468 3330 fragmentis

206 3374 219 3410 a
241 3343 449 3413 mundando.
476 3341 587 3428 Quare
613 3345 719 3414 sentit
737 3367 798 3437 pro
816 3345 868 3416 bis
884 3344 1017 3416 duobus
1042 3344 1289 3438 implorandam
1307 3365 1382 3414 esse
1397 3363 1470 3433 gra·

204 3481 220 3518 υ
242 3453 325 3519 tiam
350 3447 525 3538 frangendi
543 3448 698 3519 Hostiam
723 3471 827 3541 super
844 3464 1005 3543 patenam
1030 3473 1134 3520 manu
1158 3461 1293 3522 tantum
1312 3448 1468 3526 dextera,

205 3575 276 3626 act
301 3553 511 3642 emergendi,
525 3567 685 3646 patenam
710 3578 774 3648 opc
799 3556 942 3628 alterius
967 3557 1167 3641 sacerdotis,
1186 3557 1244 3650 qui
1260 3552 1397 3625 Oratori
1419 3575 1471 3623 ce·

205 3659 388 3732 alebranti
425 3671 583 3748 platenam
609 3685 713 3752 super
737 3661 879 3733 calicem
904 3665 1088 3734 retincat.»

273 3766 319 3836 Et
344 3789 423 3835 suas
448 3766 565 3837 literas
590 3767 817 3840 concludebat
836 3795 851 3830 n
864 3766 977 3854 Quum
995 3767 1120 3838 Orator
1138 3765 1251 3836 facms
1267 3787 1333 3834 non
1352 3765 1397 3833 sit
1414 3765 1470 3834 dc·

204 3897 221 3935 a
242 3871 361 3939 formis
377 3871 421 3940 ob
439 3871 637 3962 paralysim,
653 3894 829 3964 quurnquc
855 3873 928 3942 cius
953 3873 1107 3944 incessus
1124 3875 1169 3944 sit
1186 3896 1273 3966 pene
1290 3871 1471 3949 naturalis,

205 4002 221 4040 a
241 3989 276 4044 et
293 3977 320 4044 si
339 3999 422 4045 usus
440 3979 631 4068 excipiatur
656 3977 772 4048 laevae
790 3999 924 4059 manus,
944 3979 1058 4048 omnia
1076 3979 1147 4052 fere
1165 3992 1204 4049 ut
1219 3976 1346 4050 caeteri
1364 3999 1473 4045 sacca·-

205 4105 220 4147 ν
240 4080 338 4150 dotes
356 4081 554 4173 adimpleat,
574 4083 615 4151 ad
633 4083 731 4162 baec,
751 4104 829 4153 cum
855 4083 888 4150 in
917 4097 1005 4154 terra
1023 4085 1147 4155 Montis
1169 4085 1208 4156 C.
1225 4083 1320 4153 brevi
1340 4095 1473 4172 tempo·

204 4212 221 4251 a
243 4186 288 4253 ris
313 4186 494 4258 intervallo
522 4187 636 4278 plures
661 4192 856 4262 sacerdotes
889 4192 1099 4262 decesserint
1124 4204 1200 4259 tum
1228 4188 1369 4257 iuvenes
1398 4202 1473 4256 tum

206 4311 363 4372 asenes,
389 4314 537 4383 curatque
563 4292 690 4364 bonum
716 4295 989 4366 christifidelium
1016 4295 1193 4389 spirituale
1230 4293 1399 4386 postulet,
1431 4315 1473 4363 ne

205 4395 331 4464 adesit
356 4393 510 4466 Oratoris
535 4399 737 4480 celebratio,
763 4400 895 4469 nullum
924 4402 1064 4471 verbum
1092 4401 1219 4470 faciens
1244 4397 1286 4468 de
1312 4411 1473 4488 prosecta

204 4498 316 4570 acius
340 4512 473 4579 astarte,
500 4501 543 4574 de
570 4527 647 4574 vera
674 4504 748 4574 eius
773 4518 994 4596 paupertate,
1014 4504 1054 4574 de
1072 4505 1236 4574 diuturno
1252 4526 1291 4574 ac
1310 4502 1473 4572 continuo
