3282 5008
181 405 250 474 126
709 415 862 465 sensnum
888 415 919 461 r.

179 530 373 612 sepulchrum
384 527 562 609 gentilitium
573 523 718 594 babebat,
729 523 789 584 ela·
841 519 922 582 laudi
935 537 1024 600 posse
1035 517 1241 580 arbitrabatur
1255 535 1291 578 cx
1304 533 1456 578 consensu

179 633 259 712 gerit
280 630 436 693 eeclesiam
455 629 629 708 sepulturae
649 631 680 687 et
699 624 789 686 iuna·
841 623 1013 702 superstitis
1041 621 1098 682 riri
1127 621 1180 701 qni
1209 620 1299 680 ctiam
1325 637 1457 681 consen·

178 753 247 796 rum
270 750 331 794 non
356 729 582 811 parochialem,
601 727 727 788 obtenta
749 724 789 786 ab
840 724 984 786 tientibus
1001 722 1071 785 filiis
1089 729 1121 784 ct
1138 719 1338 796 haeredibus,
1361 722 1454 784 funus

178 835 362 897 auctoritate
384 831 504 911 speciali
535 830 622 890 senia
646 827 684 888 ad
710 826 788 888 elle·
841 827 978 906 capitulo
1009 824 1207 886 ordinaverat
1233 830 1264 885 et
1289 827 1451 902 proposito

178 944 262 997 cturn
277 934 472 1013 sepulturae,
492 948 562 991 cuna
585 929 631 990 lex
651 926 788 989 edictalis
841 926 955 989 dubio:
970 932 1014 989 Aa
1029 929 1322 1002 cadauer...patacrit
1334 928 1450 1003 adspar-

179 1036 327 1116 praelata,
340 1053 377 1095 eo
396 1035 465 1095 loco
489 1033 621 1109 rigeret,
637 1034 719 1089 muta
736 1027 789 1088 de·
841 1036 898 1091 tari
914 1032 954 1090 ad
969 1031 1125 1090 Ecclesiam
1146 1029 1340 1088 cathedralem
1359 1073 1367 1088 .
1385 1073 1394 1089 .
1413 1073 1420 1088 .
1440 1073 1448 1090 .

177 1137 248 1200 inde
261 1136 439 1216 quaestione
452 1151 543 1213 super
560 1131 787 1202 emolumentis,
839 1131 879 1190 ad
892 1127 1025 1203 esscctnm
1041 1127 1204 1204 perapcndi
1214 1126 1327 1200 sanas.-
1343 1129 1451 1187 rescri-

178 1239 370 1320 propositum
394 1238 484 1299 etiam
501 1236 559 1296 luit
580 1236 610 1295 S.
628 1234 662 1294 C.
678 1233 713 1295 C.
730 1230 789 1294 du·
840 1239 926 1312 ptum
943 1229 1010 1290 tuit:
1027 1235 1175 1304 acpatr'nc:
1191 1229 1365 1303 etamplius.

177 1340 282 1403 bium:
297 1343 341 1400 Aa
355 1343 443 1399 Pater
459 1340 584 1415 lepitimc
603 1337 721 1411 elcpcrit
741 1352 789 1392 sc·
904 1332 973 1392 lion
997 1335 1124 1409 possuut
1144 1329 1223 1390 enirn
1253 1329 1365 1408 privati
1388 1329 1453 1390 sinc

176 1445 326 1521 pultaram
351 1444 382 1500 la
406 1457 484 1500 casa.
498 1438 688 1517 Responsum
715 1450 790 1514 pro·
842 1439 983 1512 parentes
1012 1431 1075 1492 sive
1104 1429 1250 1492 baeredes
1281 1429 1451 1506 generalem

178 1542 235 1606 diit
251 1569 263 1595 ·
277 1547 418 1619 ncpattce.
436 1568 447 1592 ·
841 1534 1027 1595 sanctionem
1041 1532 1114 1591 iuris
1128 1530 1265 1592 cludere.
1281 1531 1366 1605 Quae
1380 1547 1458 1590 san-

241 1646 317 1707 ltcm
340 1645 371 1704 iu
394 1660 452 1704 una
469 1643 599 1702 Civitatis
613 1639 791 1700 castellanae
842 1636 903 1697 ctio
924 1634 1065 1695 innititur
1081 1632 1321 1713 praesumptioni
1343 1630 1459 1692 volaru-

178 1749 324 1808 Funerata
345 1745 385 1808 28
407 1746 540 1804 ianuarii
562 1741 639 1804 atat
665 1742 789 1819 peracto
842 1737 914 1796 tatia
929 1733 1078 1807 defuncti,
1097 1734 1149 1812 qui
1171 1734 1195 1794 si
1218 1732 1291 1794 nibil
1316 1732 1462 1792 statuerit.

178 1849 284 1910 iuuere
295 1845 449 1908 cuiusdam
462 1843 571 1907 Silviae
583 1845 613 1903 in
625 1838 789 1902 Catbedra·
842 1838 881 1899 de
894 1855 932 1899 eo
946 1834 1031 1915 quod
1045 1841 1212 1914 postauam
1228 1841 1358 1896 mortem
1373 1834 1459 1896 cirea

177 1947 200 2010 li
219 1947 364 2026 Ecclesia,
379 1948 435 2009 etsi
452 1949 483 2008 in
501 1944 633 2006 Ecclesia
648 1943 679 2002 S.
694 1942 789 2002 Frau-
841 1937 1038 2020 sepulchrum
1055 1942 1085 1998 et
1099 1937 1239 1998 lunarum
1260 1937 1362 1998 locum
1384 1933 1455 1996 lieri

179 2049 250 2112 cisci
272 2047 390 2111 adesset
418 2046 547 2109 familiae
574 2043 786 2123 sepulchrum,
841 2039 969 2114 debeat,
982 2045 1122 2100 censetur
1135 2055 1167 2098 se
1184 2035 1317 2098 soluisse
1335 2035 1463 2115 placitis

179 2157 211 2212 et
223 2148 497 2227 exortabiuclite,
509 2145 674 2227 capitulum
690 2161 724 2205 sc
739 2142 791 2204 de·
841 2141 917 2203 iuris
938 2139 1108 2203 communis
1128 2137 1343 2199 accomodare.

690 2355 919 2380 ..ιώ-

653 2559 879 2634 APPENDlX
903 2558 961 2632 vt.

388 2781 483 2831 muca
504 2785 630 2832 Pllfflbl
651 2787 678 2832 S.
698 2785 991 2834 malumminat
1011 2785 1241 2833 ammentant.

240 2955 324 3018 luter
338 2959 473 3016 meteres
490 2953 629 3018 utiliores
650 2955 790 3038 proprie·
840 2955 972 3019 cessario
992 2954 1122 3019 debeant
1147 2954 1271 3033 negotia
1292 2952 1452 3034 expediric

176 3061 256 3118 tatcs
277 3058 307 3119 S.
325 3056 591 3136 Paenitentiarlac,
607 3057 659 3120 illa
682 3076 789 3120 meen-
838 3057 892 3122 scd
915 3057 1053 3137 quisquis
1072 3058 1131 3133 sit,
1156 3057 1209 3134 qui
1232 3053 1365 3134 indigeat
1391 3074 1453 3135 ope

179 3158 236 3220 seri
260 3157 365 3236 debet,
387 3175 449 3238 qua
472 3157 532 3221 boc
549 3158 695 3222 l'rlbnaal
710 3159 787 3222 adiri
838 3162 868 3223 S.
882 3158 1154 3235 Paenitentiarlac,
1167 3174 1223 3238 per
1238 3173 1269 3218 sa
1284 3174 1373 3236 agere
1390 3175 1457 3238 po-

176 3265 312 3338 potesta
333 3257 490 3339 quolibet,
517 3265 548 3321 et
573 3261 700 3340 singulis
725 3260 788 3324 die·
839 3261 991 3341 test,stre
1007 3267 1041 3322 ut
1055 3259 1190 3323 diximus
1207 3276 1262 3338 per
1276 3259 1378 3322 literas
1403 3257 1450 3340 (2)

176 3359 368 3438 bua,(t)sirc
382 3364 575 3440 peragentes
585 3361 786 3442 idesteoaqui
837 3365 903 3426 sira
928 3364 1019 3425 etiam
1049 3360 1251 3442 personaliter
1275 3359 1453 3424 accedendo

176 3461 301 3541 negotia
316 3479 351 3524 ex
364 3463 494 3524 aliorum
514 3463 658 3525 mandato
671 3465 786 3526 Romae
836 3464 874 3527 ad
886 3465 916 3526 S.
926 3463 1180 3526 Paenitentiarlac
1195 3461 1351 3525 Officium.
1366 3461 1450 3536 Quo-

177 3562 787 3646 pertractaut,airedircctc,utsaepius
838 3583 969 3646 cumque
997 3572 1098 3628 autem
1126 3563 1218 3626 modo
1255 3566 1324 3644 quis
1352 3566 1449 3625 iuter·

176 3665 345 3744 contingit,
370 3683 423 3745 per
443 3664 558 3728 literas.
583 3667 700 3728 Etenim
723 3686 785 3730 uon
839 3669 932 3750 pellet
945 3669 975 3730 S.
988 3671 1022 3730 l’.
1035 3673 1135 3729 certus
1149 3683 1212 3728 osae
1226 3673 1330 3747 potest
1344 3683 1376 3727 se
1389 3666 1449 3726 ali·

175 3765 330 3828 babentur
339 3769 471 3846 Agentes
499 3766 695 3848 peculiariter
714 3769 787 3831 buia
838 3788 898 3852 qua
910 3776 1086 3850 opportuna
1106 3771 1305 3848 responsione
1322 3766 1444 3828 dimitti.

174 3866 332 3930 Tribunali
360 3866 505 3946 addicti,
538 3886 594 3949 per
622 3887 702 3950 quas
731 3889 786 3933 ue·
903 3873 970 3934 liae
984 3873 1015 3933 in
1027 3867 1186 3932 'l'ribuuali
1208 3873 1385 3932 constanter
1397 3868 1451 3930 ba·

243 4065 281 4138 (t)
299 4065 426 4122 Officium
443 4067 471 4125 S.
486 4068 709 4126 Paenitentiarlac
728 4070 790 4126 licat
807 4067 902 4127 dicbus
918 4068 1063 4127 dominicis
1075 4077 1101 4124 et
1114 4067 1188 4124 lestis
1199 4068 1234 4124 dc
1247 4074 1385 4138 praecepto
1395 4083 1451 4123 non

176 4157 286 4221 pateat,
305 4157 393 4206 umen
411 4153 434 4207 si
452 4161 548 4222 urgeat
562 4153 677 4210 alicuius
695 4153 901 4226 dispensationis
921 4153 1084 4221 necessitas,
1101 4153 1236 4209 Officiales
1254 4151 1320 4206 adiri
1340 4161 1457 4220 possunt

175 4236 313 4306 privatim,
327 4237 353 4291 in
366 4237 422 4292 suis
435 4236 571 4306 domibus,
583 4238 833 4312 quiPostulantium
845 4239 1093 4311 precescsctpinnr,
1104 4237 1265 4308 eosdemque
1284 4234 1404 4305 dirigunt
1421 4243 1455 4290 ut

174 4329 311 4392 quatenus
328 4337 396 4392 opus
413 4322 448 4378 sit
467 4337 514 4392 pro
531 4323 730 4392 opportunitate
755 4327 859 4395 negotia
878 4322 1063 4394 expediantur.

245 4398 282 4470 (t)
303 4401 398 4471 Excipi
415 4399 494 4457 debet
511 4415 589 4456 casus
603 4401 633 4456 'in
652 4418 706 4474 quo
723 4411 818 4473 agatur
833 4403 867 4459 rle
883 4401 1129 4473 dispensationibus
1155 4399 1403 4458 matrimonialibus
1423 4402 1455 4452 ts

171 4478 237 4554 {cra
254 4487 372 4540 esterna
389 4482 423 4540 da
441 4485 539 4556 auibus
556 4496 606 4541 suo
624 4484 683 4542 loco
700 4485 799 4542 redibit
814 4502 914 4544 mama.
