3282 5008
573 557 770 634 saurim
794 556 1028 629 CttOttaLts.

200 833 285 888 vict
302 833 420 900 Anpurtl
439 833 516 885 186².
1028 823 1100 882 sea.
1115 831 1147 880 tt
1160 841 1184 880 c.
1197 831 1228 880 ta
1239 825 1275 880 dc
1289 823 1411 892 ltesorm.

241 1085 442 1178 Capitulum
460 1085 675 1156 cathedralis
694 1085 735 1156 Α.
747 1084 790 1156 ad
806 1083 842 1154 S.
858 1082 897 1152 C.
911 1082 951 1155 C.
966 1084 1085 1155 literas
1103 1082 1308 1164 transmisit,
1323 1083 1357 1154 in
1371 1083 1448 1175 qui·

169 1190 238 1261 bus
261 1190 519 1262 lamentabatur
541 1190 681 1262 modum
707 1190 829 1282 agendi
854 1188 1018 1261 Canonici
1045 1187 1173 1260 Decani
1199 1187 1256 1273 N.;
1272 1187 1361 1282 qaod
1375 1188 1448 1261 fere

174 1318 350 1390 nunquam
369 1295 410 1367 nd
428 1297 570 1366 choram
587 1294 772 1368 accedebat
781 1318 793 1380 3
810 1295 898 1389 qood
915 1295 1054 1367 arbores
1073 1295 1253 1386 illepitime
1273 1293 1449 1365 exciderat

173 1403 208 1471 in
234 1402 373 1474 terrulis
397 1402 450 1472 sni
481 1399 655 1474 Beneficii.
688 1401 831 1494 lnsnper
864 1401 1078 1473 memorabat
1107 1400 1304 1472 huiusmodi
1335 1400 1450 1493 queri·

171 1510 307 1580 manias
341 1532 379 1580 sc
411 1507 540 1600 plurios
573 1508 774 1581 exhibuisse
797 1507 980 1579 Ordinario
1004 1521 1041 1579 at
1065 1507 1140 1578 sine
1172 1507 1316 1592 ell'cctu3
1343 1528 1451 1599 quare

172 1613 419 1708 expostulabat
441 1637 460 1684 a
484 1613 579 1684 SC.
606 1612 647 1685 C.
673 1612 769 1684 hisce
793 1613 959 1684 abusibus
984 1625 1219 1706 opportunum
1244 1613 1449 1684 remedium.

245 1721 294 1791 lic
319 1742 414 1790 more
431 1719 467 1791 S.
486 1718 525 1791 C.
544 1718 584 1792 C.
605 1719 784 1812 rescripsit
799 1719 937 1792 vicario
962 1718 1145 1810 capitulari
1165 1717 1340 1808 (vocabat
1358 1719 1452 1789 enim

170 1825 380 1918 episcopalis
403 1826 521 1916 sedes)
549 1848 613 1918 pro
638 1825 881 1896 informatione
906 1837 942 1895 et
969 1836 1069 1908 roto,
1094 1838 1130 1896 ct
1154 1837 1194 1896 nt
1218 1825 1305 1918 ipse,
1323 1823 1453 1896 auditis

172 1935 212 2002 in
248 1932 386 2026 scriptis
419 1946 492 2004 tum
519 1932 680 2025 Capitale
707 1945 781 2003 tum
812 1931 949 2003 Decano
975 1929 1030 2013 N,
1058 1931 1215 2014 referret,
1246 1931 1451 2026 praesertim

173 2060 284 2131 super
308 2053 439 2111 asserta
465 2040 628 2110 arborum
653 2038 822 2109 caesione.

248 2143 452 2216 Omittimus
475 2169 515 2216 ea
540 2167 628 2238 quae
653 2143 760 2216 relata
785 2157 868 2214 sunt
884 2167 902 2214 a
921 2143 1057 2215 Vicnrio
1081 2143 1262 2238 capitulari
1288 2144 1378 2215 circa
1400 2165 1451 2215 an

175 2253 303 2322 borum
327 2252 541 2332 caesionem,
567 2251 730 2343 quoniam
754 2251 839 2322 haec
863 2252 1021 2343 quaestio
1046 2273 1113 2321 non
1140 2250 1207 2320 fcit
1230 2249 1389 2322 formiter
1405 2273 1455 2320 re·

177 2355 306 2426 soluta.
332 2355 429 2443 Quod
463 2369 597 2450 spectat
623 2358 663 2428 ad
693 2358 788 2430 chori
822 2357 1044 2441 absentiam,
1072 2356 1227 2428 Vicarius
1254 2357 1456 2448 capitularis

180 2459 324 2546 retulit,
347 2478 505 2537 constare
530 2464 573 2535 de
598 2464 764 2536 habituali
790 2465 945 2534 absentia
971 2463 1098 2536 Decani
1124 2463 1164 2534 N.
1196 2485 1215 2533 a
1243 2465 1360 2547 choro,
1386 2487 1455 2556 qua

182 2567 346 2641 ecclcsiae
370 2569 618 2663 praeiudicium
644 2570 875 2653 obveniebat3
900 2570 1127 2663 eumdemque
1151 2569 1246 2640 horis
1269 2569 1376 2639 divini
1405 2569 1457 2641 of·

177 2675 249 2745 licii
276 2698 378 2770 saepe
402 2675 660 2748 deambulatum
687 2676 761 2758 ire,
788 2689 824 2747 et
848 2676 1048 2769 frequenter
1063 2675 1105 2746 ad
1123 2675 1265 2746 missam
1281 2673 1457 2747 celebran-

178 2781 260 2849 dam
289 2783 453 2855 accederc
477 2783 518 2853 ad
543 2783 715 2876 quandam
742 2783 921 2854 ecclesiam
947 2804 1016 2852 non
1040 2780 1141 2872 longe
1166 2780 1209 2852 ab
1234 2781 1309 2874 ipsa
1332 2780 1460 2852 Cathe-

180 2885 281 2956 drali.
308 2888 526 2979 Adiungchat
552 2891 713 2982 insuper,
732 2903 886 2981 tempore
903 2911 972 2980 quo
989 2885 1146 2960 Decanus
1162 2887 1204 2958 N.
1220 2901 1293 2960 erat
1310 2887 1459 2981 simplex

180 2991 394 3079 eanonicus,
414 2995 618 3078 obtinuisse,
638 3018 681 3068 ex
699 2995 819 3067 Medici
838 2995 903 3066 frde
921 2995 963 3066 de
979 2995 1132 3066 eiusdem
1158 2995 1380 3077 infirmitate,
1407 3017 1461 3065 co

179 3099 376 3172 adiutorem
400 3102 623 3182 canonicum,
641 3122 710 3195 quo
731 3101 1005 3195 prospiciebatur
1029 3101 1063 3171 in
1090 3099 1244 3172 eiusdem
1276 3098 1460 3182 absentia,

179 3205 280 3277 chori
305 3206 458 3290 servitio,
477 3208 536 3279 sed
561 3209 657 3280 hisce
682 3208 716 3278 in
741 3208 929 3291 adiunctis,
949 3220 1092 3279 vacante
1109 3204 1460 3298 praebendallecani,

182 3311 273 3385 hanc
297 3312 527 3404 praebendam
553 3315 743 3406 optavisse,
763 3337 907 3406 eamque
924 3337 987 3408 per
1004 3314 1170 3384 iudicium
1187 3310 1399 3396 obtinuisse,
1425 3325 1463 3384 ct

185 3418 262 3490 ideo
286 3439 373 3489 onus
398 3421 523 3490 iterum
552 3420 584 3488 in
611 3421 772 3492 eumdem
797 3421 997 3494 incumbere
1021 3420 1154 3490 servitii
1179 3418 1341 3490 choralis.

258 3524 310 3594 Ab
334 3525 388 3596 his
411 3526 546 3596 divorsa
571 3548 639 3596 nou
664 3537 759 3608 sunt,
777 3549 865 3619 quae
890 3525 1053 3619 exposuit
1070 3524 1270 3624 Capitulum
1288 3524 1323 3595 S.
1344 3524 1384 3594 C.
1403 3525 1460 3608 (L,

182 3631 277 3718 quod
295 3653 337 3700 cx
354 3629 452 3701 libris
465 3629 699 3703 sellentiacum
712 3630 937 3724 deprehendit
953 3630 1197 3702 habitualema
1212 3631 1318 3702 choro
1343 3631 1463 3703 absen-

189 3736 273 3804 tiam
294 3732 457 3806 Canonici
482 3735 609 3807 Decani
636 3733 676 3805 N.
699 3737 902 3828 praesertim
928 3736 1050 3809 diebus
1074 3736 1350 3809 solemnioribus.

261 3837 417 3910 llecanus
441 3839 481 3910 N.
509 3842 644 3912 censuit
669 3864 730 3933 per
754 3865 791 3914 se
816 3842 929 3933 ipsum
954 3839 1072 3912 literas
1096 3842 1236 3914 mittere
1265 3842 1307 3912 ad
1333 3841 1461 3912 Eriium

186 3943 405 4017 Praefectum
423 3947 460 4019 S.
479 3945 520 4018 C.
538 3946 594 4031 C.,
614 3947 648 4017 in
666 3949 792 4040 quibus
809 3971 828 4018 a
845 3948 950 4019 choro
967 3947 1158 4019 absentiam
1184 3947 1374 4030 fatebatur,
1401 3949 1462 4019 scd

184 4072 325 4121 causam
351 4052 543 4124 adducebat
553 4074 564 4136 ;
581 4075 706 4148 nempe
723 4077 760 4124 se
777 4054 941 4124 diuturno
957 4054 1078 4125 morbo
1095 4055 1274 4147 heparario
1290 4054 1461 4137 laborare,

184 4170 224 4228 et
248 4177 433 4229 nervorum
461 4159 780 4251 perturbationibus
804 4161 878 4252 agi,
910 4161 995 4232 aden
1020 4174 1059 4236 ut
1083 4184 1185 4253 saepe
1214 4161 1326 4232 eidem
1359 4162 1463 4233 obve-

189 4263 280 4334 niret
305 4276 345 4334 ut
369 4285 483 4355 neque
508 4264 645 4335 Missam
671 4263 844 4338 celebrare
869 4280 998 4358 posset.
1029 4264 1186 4337 llddehat
1216 4279 1393 4361 praetcrea
1426 4287 1464 4336 se

183 4380 387 4440 constanter
411 4369 581 4442 fallentias
606 4357 772 4452 solvisse,
791 4383 826 4441 et
847 4370 1017 4444 laetanter
1041 4371 1132 4444 inter
1147 4371 1296 4464 collegas
1319 4373 1463 4444 chorum

184 4497 263 4548 esse
288 4473 613 4555 freuuentaturum,
640 4475 668 4546 si
694 4474 875 4568 pristinam
901 4476 1134 4548 valetudinem
1159 4489 1390 4572 recuperaret.
