3282 5008
510 461 720 513 urrrurreusrs
743 461 782 507 er
811 454 1121 504 aenrarscaarronrs.
1385 432 1448 496 tut

248 575 299 648 Ad
323 571 588 670 primumquod
617 567 761 646 attinet,
789 557 1127 637 animadvertebant,
1162 554 1308 646 vectigal
1334 579 1352 626 a
1378 557 1449 628 Mu·

173 685 305 776 nicipio
338 681 538 774 impositum
571 674 655 744 nihil
687 671 780 742 aliud
805 693 880 741 esse
905 668 969 736 nisi
1001 664 1273 735 additamentum
1307 662 1450 738 Dativae

175 787 303 871 realis3
329 807 410 856 cum
434 783 540 874 igitur
563 778 791 852 accessorium
816 786 979 866 sequatur
1008 766 1215 864 principale,
1242 765 1326 839 illud
1350 791 1448 870 sequi

174 890 431 963 contendebant
456 889 490 957 in
525 883 700 976 Municipii
725 881 1007 951 intributionibus
1039 892 1134 950 retae
1165 881 1335 950 commodi
1367 887 1449 955 roti-

176 999 308 1071 nendae
340 997 456 1067 locum
487 1014 582 1072 esse,
609 1013 677 1059 non
711 1010 809 1058 secus
834 1011 872 1058 ac
900 989 934 1056 in
961 988 1085 1059 Dativa
1109 987 1191 1059 reali
1218 988 1446 1059 retinebatur.

177 1100 378 1172 lluiusmodi
403 1108 644 1188 argumentum
670 1094 833 1163 maiorem
860 1115 968 1164 exeo
994 1093 1064 1162 vim
1089 1092 1308 1185 acquirebat,
1335 1093 1445 1185 quod,

178 1232 215 1280 ve
231 1208 383 1300 penitius
407 1205 581 1296 inspecta,
608 1199 753 1290 vectigal
779 1197 861 1268 illud
887 1198 1092 1290 Municipale
1117 1199 1202 1269 nihil
1226 1198 1318 1269 aliud
1343 1199 1444 1280 foret,

174 1314 242 1382 nisi
276 1307 423 1400 vectigal
448 1307 638 1376 Camerale.
667 1304 712 1373 Et
742 1325 843 1386 sane3
872 1303 1035 1396 primitus
1063 1303 1196 1374 viarum
1230 1295 1447 1382 vomitorius

178 1417 373 1510 pontificiae
398 1413 558 1494 Ditionis,
588 1423 661 1480 tum
685 1409 932 1501 cuiuscumque
955 1408 1151 1499 provinciae
1174 1408 1216 1478 ad
1232 1407 1446 1480 Gubernium

177 1520 391 1615 pertinebat:
419 1540 562 1610 eamque
588 1519 621 1585 in
646 1537 783 1586 causam
807 1514 940 1585 decima
965 1536 1045 1604 pars
1069 1513 1210 1586 Dativoe
1235 1515 1336 1586 realis
1353 1516 1448 1585 addi-

173 1646 231 1701 cta
254 1630 379 1700 luerat.
407 1627 443 1696 ln
467 1640 645 1720 posterum
672 1625 801 1694 viarum
826 1624 1022 1715 provinciae
1047 1625 1275 1694 curandarum
1300 1646 1387 1695 onus
1412 1625 1447 1692 in

176 1735 372 1830 provinciae
396 1735 565 1806 aerarium
591 1731 755 1802 reiectum
779 1730 866 1811 luit,
893 1729 1046 1821 adeoque
1070 1731 1268 1823 provinciae
1293 1730 1446 1801 Praesidi

176 1842 276 1935 copia
301 1840 390 1910 lacta
414 1852 486 1919 est,
513 1849 553 1908 ut
577 1837 781 1928 Municipia,
808 1857 896 1927 quae
921 1834 1115 1926 provinciae
1140 1837 1309 1906 aerarium
1335 1835 1446 1916 alunt,

177 1948 221 2018 ad
255 1967 360 2016 novas
392 1943 637 2014 intributiones
670 1942 895 2036 imponendas
926 1940 1150 2024 devenirent,
1180 1942 1294 2034 prouti
1329 1963 1448 2034 reapse

174 2053 305 2122 lactum
330 2061 405 2132 est,
431 2048 617 2140 designatis
642 2071 680 2118 ao
707 2047 872 2118 taxationi
897 2047 1086 2139 suppositis
1115 2046 1265 2140 praediis
1287 2046 1449 2118 omnibus

174 2159 272 2226 iuxta
299 2154 433 2226 tabulas
457 2153 663 2224 censuarias.

247 2260 427 2332 ¹addebant
445 2260 586 2351 insuper
597 2259 645 2329 ibi
658 2259 813 2330 eamdem
832 2257 1092 2350 dispositionem
1109 2259 1339 2350 recipiendam
1357 2282 1446 2340 esse,

175 2366 237 2438 ubi
261 2367 380 2437 eadem
404 2387 479 2436 esse
504 2364 590 2434 ratio
616 2364 848 2456 dignoscatur.
869 2368 913 2433 At
932 2387 1012 2436 vero
1037 2365 1145 2446 ratio,
1164 2387 1226 2435 our
1242 2377 1335 2435 ratae
1355 2389 1449 2435 oom-

178 2471 270 2541 modi
293 2470 497 2542 beneficium
522 2493 541 2540 a
564 2470 723 2561 Principe
748 2469 927 2538 inductum
953 2482 1026 2552 est,
1054 2469 1137 2538 nihil
1164 2470 1255 2540 aliud
1282 2494 1356 2542 esse
1375 2485 1450 2542 tue-

178 2576 327 2658 bantur,
360 2597 463 2669 quam
496 2578 586 2669 quod
619 2575 776 2667 iniquum
811 2588 846 2646 et
876 2576 1043 2646 iniustum
1076 2575 1198 2646 luisset
1230 2576 1449 2670 praediorum

176 2705 413 2774 possessores,
431 2684 549 2775 quales
566 2682 812 2774 emphyteutae
828 2693 923 2763 sunt,
942 2681 1157 2753 solummodo
1173 2705 1277 2754 onere
1293 2706 1448 2776 parare,

175 2802 214 2860 et
238 2793 409 2859 immunes
432 2789 525 2861 abire
549 2788 751 2882 permittere
775 2787 881 2868 alios,
901 2787 959 2879 qui
977 2811 1020 2858 ex
1038 2787 1159 2858 iisdem
1184 2789 1333 2881 praediis
1357 2811 1450 2860 com-

180 2895 319 2966 modum
349 2895 668 2986 quomodocumque
691 2906 995 2985 consequerentur:
1021 2895 1184 2983 quoniam
1209 2917 1290 2965 vero
1313 2894 1450 2966 dillioile

179 3024 219 3071 ac
242 3000 454 3072 salebrosum
480 3010 574 3083 erat,
593 3012 633 3070 ut
648 3000 861 3071 Gubernium
886 3001 1044 3070 dominos
1068 3000 1217 3072 directos
1241 3000 1450 3093 inquireret,

178 3129 218 3176 ao
243 3106 415 3198 pulsaret,
443 3105 526 3175 illud
551 3104 731 3176 inductum
755 3105 842 3186 luit,
861 3118 900 3174 ut
915 3104 1129 3176 Gubernium
1154 3126 1368 3197 possessores
1388 3106 1451 3175 im-

179 3223 332 3303 peteret,
357 3210 392 3280 hi
418 3233 499 3280 vero
522 3209 846 3301 redintegrationem
865 3233 883 3279 a
905 3209 976 3278 suis
1001 3209 1148 3280 dominis
1172 3210 1312 3281 directis
1335 3213 1452 3302 exige-

179 3329 270 3388 rent.
284 3315 434 3388 lamvero
448 3317 481 3385 in
495 3315 740 3406 vectigalibus,
759 3338 846 3408 quae
859 3340 878 3386 a
890 3315 1076 3408 Municipio
1090 3339 1193 3409 super
1207 3318 1353 3410 praediis
1371 3341 1452 3389 con-

178 3423 393 3503 stituuntur,
412 3421 531 3490 eadem
545 3421 634 3491 ratio
647 3421 867 3505 recurrebat3
885 3443 963 3490 oum
982 3421 1073 3492 enim
1098 3445 1141 3492 ex
1165 3422 1208 3492 iis
1231 3424 1450 3494 commodum

179 3526 310 3618 pariter
329 3524 521 3618 percipiant
542 3523 746 3595 directarius
765 3538 800 3596 et
821 3527 1065 3620 emphyteuta,
1080 3527 1108 3596 si
1124 3551 1212 3598 uuus
1226 3529 1451 3622 emphyteuta

179 3628 434 3698 incommodum
460 3633 626 3715 sentiret,
653 3632 773 3724 ingens
798 3633 1040 3702 admitteretur
1065 3633 1245 3724 iniquitas,
1263 3642 1430 3728 signidem

177 3754 266 3803 onus
283 3733 325 3802 ab
343 3756 383 3805 eo
399 3735 570 3825 perlatum
587 3759 649 3828 pro
666 3750 738 3806 rata
759 3737 928 3806 commodi
945 3737 1149 3806 directar·ius
1166 3760 1232 3809 non
1250 3740 1449 3813 relevasset.

250 3835 345 3924 Quae
362 3841 476 3910 omnia
493 3840 718 3912 confirmabat
742 3841 869 3912 decisio
893 3841 1060 3933 quaedam
1078 3841 1112 3911 S.
1133 3843 1241 3914 Rotae
1259 3846 1449 3927 Romanae,

177 3945 214 4012 in
241 3964 328 4035 qua,
354 3944 509 4015 discusso
534 3944 689 4016 lormiter
712 3946 876 4028 articulo,
904 3959 1075 4016 statutum
1100 3960 1283 4041 ratumque
1308 3949 1393 4033 suit,
1412 3967 1452 4022 ut

180 4062 253 4119 ratu
278 4052 453 4122 commodi·
473 4051 640 4124 debeatur
653 4051 869 4123 exomuibus
889 4053 1114 4143 vectigalibus
1128 4054 1289 4138 realibus,
1310 4059 1452 4129 minime

180 4155 439 4246 personalibus,
467 4158 539 4229 sive
558 4158 677 4228 eadem
702 4181 721 4227 a
747 4157 925 4250 Principe,
944 4159 1016 4228 sive
1029 4182 1047 4228 a
1061 4160 1258 4252 provinciae
1273 4161 1450 4241 Praesidc,

179 4259 253 4328 sive
277 4283 296 4330 a
321 4261 520 4354 municipali
545 4261 747 4354 Magistratu
772 4262 1044 4354 proficiscantur.

250 4365 389 4458 Species
413 4366 494 4446 lacti
520 4380 637 4438 nostro
653 4367 747 4439 casui
773 4368 1028 4438 assimilabatur
1052 4391 1155 4461 quam
1180 4393 1268 4463 quae
1287 4370 1450 4440 maxime.

179 4466 267 4539 {tera
292 4470 428 4540 luerent
452 4471 617 4543 iratribus
642 4473 797 4544 Menzoni
827 4474 994 4564 quaedam
1024 4474 1162 4566 praedia
1187 4476 1222 4543 in
1248 4475 1456 4564 emphyteu-
