3248 5004
477 467 556 515 ruitis
572 467 742 516 rusentio!
759 471 797 516 si
816 471 1153 520 sententiantium.
1409 447 1455 516 87

299 573 351 648 Ex
376 597 485 654 oureus
510 597 680 654 eronsrrn
706 597 809 645 recres
835 599 1045 646 rnrerunrun.

251 680 277 752 l.
307 682 368 754 Per
383 679 520 775 publiea
554 681 762 753 coemeteria
797 695 955 752 recenter
990 681 1143 765 inducta,
1170 705 1272 754 causa
1296 680 1456 775 publicae

177 787 400 870 valetudinis,
418 809 485 858 non
502 785 708 859 auferuntur
731 788 804 858 iura
828 787 959 880 proprii
984 788 1176 880 sepulchri;
1200 788 1259 860 sed
1289 786 1455 879 impedita

175 895 396 969 solummodo
413 906 565 967 remanet
608 894 795 967 materialis
811 893 981 988 depositio
997 894 1173 966 cadaveris
1189 895 1223 964 in
1244 893 1384 988 proprio
1402 893 1454 964 rel

179 1003 354 1097 gentilitio
378 1001 572 1096 sepulchro.

251 1107 293 1178 ll.
320 1107 463 1201 Reliqua
480 1108 624 1200 proinde
641 1129 824 1200 quaecum
842 1107 1055 1200 proprietate
1071 1107 1243 1201 sepulchri
1265 1107 1454 1179 consociari

179 1213 307 1295 solent,
323 1214 512 1286 cuiusmodi
527 1236 603 1286 esse
616 1225 774 1305 possunt,
790 1213 943 1285 lunehris
960 1214 1136 1286 cadaveris
1152 1213 1279 1285 delatio
1297 1214 1330 1283 in
1348 1212 1455 1284 eccle-

178 1322 266 1392 siam
291 1321 484 1414 sepulchri,
516 1319 689 1412 expositio
719 1318 872 1390 eiusdem
899 1320 933 1388 in
960 1321 1078 1392 eadem
1104 1319 1267 1405 ecclesia,
1290 1318 1453 1412 suffragia

181 1441 216 1500 et
233 1425 385 1520 reliquae
402 1425 571 1498 funerales
596 1424 792 1498 functiones
834 1425 953 1498 illaesa
976 1427 1116 1498 omnino
1133 1441 1286 1498 manent.

251 1535 306 1604 ΙΙΙ.
336 1535 423 1607 Hinc
451 1534 554 1606 etiam
581 1532 713 1626 reliqua
751 1533 833 1603 iuris
871 1533 996 1626 placita
1021 1535 1150 1604 sancita
1182 1535 1387 1627 praesertim
1416 1535 1451 1604 in

181 1639 292 1712 titulis
316 1641 359 1712 de
376 1640 570 1734 Sepulturis
595 1652 737 1711 manent
760 1640 940 1732 expedita:
972 1653 1129 1712 remanet
1155 1641 1299 1733 proinde
1327 1640 1362 1710 in
1392 1664 1452 1733 po·

180 1760 307 1818 testate
336 1747 488 1818 fidelium
510 1745 741 1817 determinare
767 1746 831 1815 sibi
857 1745 1017 1818 funerum
1043 1746 1236 1817 ecclesiam.

250 1853 304 1924 tv.
332 1852 367 1924 Si
394 1854 477 1924 haec
509 1851 753 1922 determinatio
785 1850 875 1921 iacta
908 1874 976 1921 non
1015 1851 1145 1933 fuerit,
1181 1853 1301 1924 funera
1333 1853 1450 1946 peragi

175 1960 306 2032 debent
330 1960 373 2030 ad
399 1981 551 2029 normam
585 1959 687 2043 iuris,
714 1981 837 2051 nempe
866 1959 901 2027 in
932 1958 1076 2030 ecclesia
1104 1961 1232 2052 proprii
1262 1959 1450 2052 sepulchri,

177 2067 206 2134 si
240 2066 305 2136 hoc
338 2066 527 2147 habeatur,
562 2064 664 2137 aliter
697 2087 776 2135 rero
809 2064 842 2132 in
871 2065 1030 2156 propriae
1065 2066 1247 2157 parochiae
1279 2064 1450 2150 ecclesia3

180 2172 390 2264 proindeque
415 2167 613 2264 repuleriier
642 2193 751 2262 neque
785 2173 970 2260 parentes,
1004 2191 1117 2262 neque
1152 2171 1318 2243 haeredes
1350 2170 1451 2246 aliter

175 2276 407 2349 determinare
438 2290 592 2369 possunt.

251 2381 289 2451 V.
315 2383 428 2469 Quare
451 2383 478 2450 si
507 2380 660 2453 defuncti
694 2395 853 2474 parentes
883 2379 935 2454 vol
961 2381 1124 2453 haeredes
1157 2382 1258 2455 aliter
1289 2383 1450 2455 determi-

178 2501 263 2558 nent
289 2501 577 2580 mercarentur,
605 2487 859 2580 ecclcsia‚quae
888 2487 1006 2559 lunera
1038 2489 1188 2580 peregit,
1218 2489 1450 2563 emolumenta

177 2600 362 2672 restituere
392 2611 527 2670 tenetur
555 2599 624 2668 illis
648 2599 687 2668 ad
713 2621 799 2690 quos
826 2600 868 2670 de
898 2599 972 2672 iure
997 2613 1032 2670 ct
1053 2602 1241 2671 secundum
1270 2619 1451 2676 consuetu-

174 2706 276 2777 dines
299 2706 450 2777 locorum
475 2705 695 2797 spectabant,
724 2705 902 2788 videlicet,
932 2719 972 2775 ut
991 2706 1193 2800 plerumque
1211 2709 1368 2796 obtinet,
1396 2735 1450 2782 ec·

174 2809 302 2883 clesiae
315 2811 439 2904 proprii
460 2810 647 2901 sepulchri,
666 2811 804 2904 dempta
821 2824 943 2902 quarta
961 2812 1075 2882 lavore
1092 2814 1243 2904 parochi,
1264 2812 1316 2886 vel
1334 2818 1450 2886 omnia

172 2917 341 2988 ecclesiae
367 2917 550 3008 parochiali
577 2918 605 2985 si
634 2916 810 3010 proprium
834 2917 1056 3009 sepulchrum
1081 2940 1148 2988 non
1175 2919 1343 2991 habeatur
1361 2922 1424 3014 (l).

175 3129 215 3166 aa
236 3117 305 3169 limo
321 3116 490 3180 secretario)
507 3119 552 3186 qui
571 3117 592 3170 si
612 3124 718 3170 censeat
737 3131 785 3185 per
839 3137 852 3163 υ
863 3115 1031 3182 succumbat,
1049 3125 1154 3173 tenetur
1169 3119 1203 3173 ad
1219 3121 1389 3178 reiectionem
1405 3139 1447 3178 ex·

173 3221 189 3244 a
202 3203 318 3269 seipsum
330 3198 397 3252 illud
407 3201 618 3269 experimentum
628 3215 679 3253 non
692 3215 786 3253 conce·
839 3223 852 3248 r
864 3216 1004 3269 pensarum
1025 3201 1104 3256 huius
1123 3205 1327 3260 extraordinarii
1348 3216 1449 3277 experi-

176 3305 192 3326 ,.
206 3284 285 3349 dere,
299 3282 392 3350 poterit
409 3299 498 3350 preces
518 3285 631 3352 intentis
650 3283 786 3338 remittere
839 3307 852 3332 r
864 3285 973 3338 menti.»
989 3284 1106 3340 helectio
1127 3291 1198 3342 enim
1219 3305 1393 3360 expensarum
1415 3309 1446 3347 ex

175 3391 192 3412 a
204 3383 266 3421 curn
274 3369 379 3421 decreto
385 3383 440 3436 per
449 3368 610 3422 memoriale
619 3371 708 3422 citato
718 3383 786 3436 pur·
837 3369 929 3422 eodem
950 3369 1067 3438 praefato
1087 3371 1189 3426 Ordine
1206 3379 1266 3428 art.
1279 3382 1323 3440 2⁴,
1335 3378 1357 3430 si
1375 3377 1449 3434 hunc

176 3475 192 3496 ι
205 3456 245 3516 ie,
266 3451 357 3518 plenae
374 3454 591 3518 congregationi.
613 3455 641 3506 iu
666 3452 786 3522 utrisque
836 3462 984 3518 urrannei
1004 3470 1095 3509 casura
1116 3461 1301 3515 contumaciae
1318 3462 1446 3531 excipias,

173 3557 190 3580 ο
202 3543 290 3587 autern
309 3533 416 3588 casibus
431 3536 453 3589 si
472 3535 623 3589 obtineatur
642 3535 785 3590 favorabile
836 3536 924 3590 locum
943 3537 1110 3593 solummodo
1127 3542 1229 3596 obtinet
1247 3544 1374 3600 incensis
1392 3549 1448 3600 hia-

175 3641 190 3664 ·
204 3621 358 3687 rescriptum
380 3634 460 3673 causa
473 3636 525 3673 non
538 3623 633 3680 noterit
644 3622 784 3690 reproponi
836 3621 970 3687 trimonii,
996 3621 1207 3696 alimentorum,
1230 3633 1448 3694 Attentntorunr,

173 3725 190 3748 ο
203 3712 265 3755 ante
280 3713 333 3755 tres
348 3718 461 3770 menses,
477 3704 571 3758 ordine
583 3705 721 3759 observato
734 3706 784 3774 pri·
835 3715 861 3760 et
873 3707 1035 3775 Spoliorurn.

172 3809 189 3832 ·
202 3802 260 3840 inae
273 3787 478 3857 propositionis3
492 3795 521 3842 et
531 3793 555 3843 si
568 3805 629 3857 pars
643 3790 783 3857 postulans
902 3791 939 3860 (t)
957 3790 1018 3846 vid.
1030 3791 1144 3862 append.
1160 3795 1192 3850 V.
