3282 5008
201 403 267 476 lbd
491 421 586 470 sorta
605 422 791 470 petraeam.
811 423 909 473 carra.
930 423 967 470 ao
986 422 1165 472 aestuans.

195 533 312 605 ctione
332 528 601 623 approbaverat,
619 526 772 620 adeoque
789 550 854 599 nec
869 526 1069 600 Ordinarius
1085 529 1178 623 ipsas
1193 531 1395 606 confirmare
1411 557 1473 628 po-

106 681 109 687 ‚
199 650 312 710 tuerat
336 637 398 729 (l).

266 744 403 817 Auditis
427 742 534 814 semel
559 742 755 835 iterumque
786 741 963 835 partibus,
990 764 1091 815 eausa
1120 743 1155 814 in
1184 745 1337 838 plenario
1366 747 1402 819 s:
1423 747 1469 820 C.

196 862 368 922 conventu
394 848 571 941 proposita
596 847 675 917 luit.
698 848 819 940 ltaque
843 848 877 916 ia
902 846 1164 920 Consultatione
1189 850 1231 922 de
1254 873 1351 924 more
1375 855 1473 948 typis

193 955 299 1030 edita,
320 955 352 1022 in
372 953 493 1044 primis
517 951 602 1022 illud
628 951 863 1032 statuebatur,
883 952 1095 1023 validitatem
1119 955 1381 1042 nominationis,
1398 979 1466 1050 qna

194 1059 302 1132 lretus
318 1055 343 1128 F
347 1056 512 1129 ridericus
530 1057 572 1128 ad
588 1056 821 1149 Capelianiam
840 1079 915 1128 sese
931 1058 1094 1130 canonice
1118 1060 1253 1131 institui
1270 1061 1468 1154 flagitabat,¹

194 1167 343 1259 pendere
373 1165 594 1258 potissimum
619 1189 663 1236 ex
688 1165 866 1236 validitate
890 1165 1145 1236 deliberationis
1170 1167 1369 1259 capitularis
1397 1170 1463 1242 diei

193 1273 318 1343 aienti
341 1275 442 1350 isat,
462 1271 496 1340 in
522 1293 589 1364 qua
615 1270 770 1363 pluribus
795 1269 967 1362 suffragiis
987 1270 1031 1340 ad
1055 1269 1287 1362 Capellaniam
1305 1275 1468 1345 eamdem

192 1380 283 1450 idem
309 1379 533 1450 renunciatus
557 1378 682 1449 luerat.
705 1375 799 1462 Quae
823 1398 904 1448 curn
930 1376 978 1447 ita
1002 1390 1139 1460 essent,
1163 1377 1351 1470 plurimum
1376 1380 1470 1452 inte·

193 1511 284 1560 resse
308 1487 649 1558 animadvertebatur
673 1485 868 1578 inquisitio,
888 1507 932 1554 an
958 1486 1030 1577 ipsa
1056 1484 1258 1562 deliberatio
1281 1488 1467 1560 sustinere·

194 1611 270 1678 tur,
293 1616 402 1686 eoque
426 1593 554 1685 magis,
575 1592 668 1685 quod
692 1590 888 1662 Canonicus
912 1589 951 1660 Β.
974 1591 1130 1664 eamdem
1154 1592 1326 1664 mordicus
1349 1596 1467 1687 impu-

189 1713 330 1794 gnaret,
349 1724 389 1771 ae
414 1699 464 1770 uti
491 1699 620 1770 nullam
646 1698 885 1770 declarandam
909 1721 986 1770 esse
1009 1699 1247 1772 contenderet.

584 1870 828 1936 ”ineptatio
855 1873 1070 1935 synopsin.

260 2017 382 2090 Plures
406 2016 559 2088 rationes
583 2040 646 2110 pro
672 2039 739 2087 una
765 2016 916 2088 alterave
941 2016 1225 2088 contendentium
1240 2028 1339 2110 parte
1355 2041 1397 2089 ea
1411 2021 1466 2114 of-

188 2123 262 2210 {icio
287 2122 454 2196 adductae
479 2135 561 2194 sunt
586 2147 627 2195 ea
653 2123 779 2216 quibus
804 2134 990 2216 sequentes
1013 2122 1256 2217 praelibamus.

259 2229 470 2300 Detrseairro
504 2253 704 2301 earrrouans
732 2253 771 2298 ar
797 2228 958 2299 Farnearcr
986 2251 1154 2300 nonturno
1184 2253 1392 2302 tarucatroa.
1414 2275 1462 2288 -

188 2333 502 2419 Praemittebatur,
529 2335 782 2416 solemnitates,
812 2355 901 2426 quae
929 2334 963 2402 in
994 2332 1162 2404 electione
1199 2336 1336 2428 proprie
1369 2336 1465 2409 dieta

187 2441 262 2512 inre
301 2440 479 2534 pontificio
517 2439 802 2532 praescribuntur
841 2439 990 2532 duplicis
1028 2439 1164 2530 generis
1206 2463 1314 2528 esse;
1352 2465 1464 2514 unum

188 2569 326 2628 earnm,
345 2569 433 2640 quae
452 2569 472 2617 a
492 2547 566 2617 inre
589 2547 739 2639 positivo
764 2545 958 2639 prolluunt,
976 2543 1123 2616 alterum
1148 2568 1284 2629 earnm,
1302 2570 1391 2641 quae
1415 2551 1464 2619 ab

187 2651 262 2742 ipso
286 2653 360 2722 iure
385 2650 534 2722 naturali
559 2663 673 2722 ortum
698 2650 842 2732 habent,
864 2649 972 2721 veluti
997 2649 1178 2719 constitnit
1202 2651 1348 2742 ipsemet
1370 2651 1463 2724 Pito-

186 2756 264 2826 nius
288 2755 435 2852 Discept.
453 2754 568 2827 eccles.
588 2760 632 2826 tt
649 2779 684 2824 n.
703 2763 724 2826 d
741 2770 773 2827 et
794 2761 847 2826 ld.
870 2755 907 2825 ln
924 2757 989 2826 hoc
1008 2755 1158 2826 secundo
1183 2778 1307 2848 genere
1331 2780 1465 2829 connu—

185 2863 309 2933 merari
335 2887 390 2934 ex.
411 2886 462 2955 gc
484 2864 549 2934 hae
574 2875 733 2956 possunt,
761 2862 921 2934 videlicet
938 2872 977 2932 ut
994 2873 1073 2932 vota
1099 2861 1299 2954 eligentium
1324 2865 1395 2935 sint
1419 2863 1458 2932 li-

184 2966 282 3050 bera,
302 2987 370 3039 non
396 2980 531 3051 coacta,
549 2981 590 3038 ut
613 2967 810 3062 praevaleat
835 2967 944 3037 maior
962 2989 1024 3036 seu
1048 2967 1179 3048 sanior,
1198 2990 1267 3037 nen
1292 2971 1463 3040 minoret

185 3074 338 3144 insanior
362 3096 458 3166 pars,
477 3074 611 3166 aliaque
637 3073 805 3145 eiusmodi
831 3071 1001 3144 elementa
1026 3093 1115 3164 quae
1140 3074 1344 3144 naturaliter
1363 3074 1462 3144 cuili-

183 3177 242 3248 bet
267 3178 428 3249 electioni
453 3179 638 3250 cohaerent
662 3201 750 3272 quae
778 3201 797 3248 a
823 3189 918 3249 certo
942 3199 1167 3268 personarum
1192 3199 1318 3269 genere
1340 3179 1459 3271 peragi

182 3283 317 3354 debeat.
337 3283 413 3355 Huc
437 3287 588 3377 pertinet
613 3285 678 3355 alia
698 3285 754 3355 illa
772 3284 937 3364 conditio,
958 3295 997 3352 ut
1013 3283 1203 3353 nominatio
1221 3284 1256 3352 in
1272 3297 1373 3354 coetu
1391 3282 1460 3353 col·

182 3387 352 3480 legialiter
367 3403 569 3473 convocato,
587 3388 815 3481 absolutoque
840 3389 1057 3482 perficiatur:
1084 3388 1186 3459 aliter
1209 3388 1303 3459 enim
1332 3388 1459 3460 electio

232 3605 398 3678 tnsyoodns
409 3609 502 3662 Roman
516 3623 530 3661 a
542 3609 633 3663 habita
645 3611 793 3663 annotatt
843 3605 872 3661 ia
893 3605 1063 3674 generalibus
1080 3606 1213 3671 comitiis,
1230 3607 1336 3675 quotics
1350 3609 1456 3660 occasio

184 3689 235 3741 itt.
254 3694 269 3740 2
289 3695 382 3758 capt
403 3693 431 3742 et
452 3693 467 3740 5
486 3692 600 3758 statuit,
619 3699 651 3745 ut
670 3691 791 3759 Capitula
843 3691 941 3756 datur,
960 3691 1081 3746 solemne
1099 3690 1179 3744 babet
1197 3692 1339 3758 iniungere
1365 3701 1391 3745 et
1416 3692 1457 3744 in-

180 3771 382 3828 Cotlredralium
405 3783 431 3829 et
443 3775 651 3843 collegiatarum
675 3777 791 3845 peculia·
843 3776 959 3844 euicere,
978 3784 1008 3831 ut
1026 3776 1088 3830 huic
1111 3775 1309 3845 praescriptioni
1332 3784 1460 3832 accurate

184 3871 225 3910 res
244 3871 308 3912 suas
326 3859 537 3912 constitutiones
557 3861 627 3914 intra
648 3877 693 3915 sex
717 3877 792 3915 men·
842 3861 1028 3930 obtemperent
1046 3877 1076 3914 ea
1095 3861 1237 3930 capitula,
1256 3876 1325 3929 quae
1343 3859 1460 3914 sortasse

178 3955 221 3994 ses
239 3942 394 4007 conficiant,
406 3959 503 4013 easque
515 3944 658 3999 Ordinatio
668 3961 791 4015 compro·
843 3946 957 4014 propriis
968 3948 1076 4000 statutis
1087 3960 1176 4000 carere
1188 3946 1348 4000 innotescat.
1363 3947 1460 4013 ltaque

178 4025 281 4081 baudus
302 4028 455 4082 exhibeant.
469 4028 623 4084 Huiusmodi
636 4033 789 4095 Decretum,
842 4029 1030 4084 demirandam
1053 4039 1106 4095 est,
1126 4032 1198 4084 urrde
1217 4030 1279 4096 liat,
1297 4039 1328 4084 ut
1345 4031 1460 4099 Capitu-

177 4125 208 4164 ex
223 4113 311 4166 verbis
331 4112 430 4168 ibidem
458 4113 598 4178 adbibitis,
617 4114 650 4168 ad
666 4117 789 4184 Capitale
841 4114 899 4168 lum
911 4115 1026 4169 civitatis
1037 4121 1067 4168 Α.
1080 4115 1200 4170 nondum
1221 4115 1391 4186 huicSyuodi
1402 4117 1460 4169 llo—

175 4196 266 4250 omnia
289 4200 373 4251 totius
398 4200 521 4254 catholici
550 4199 622 4253 orbis
651 4208 789 4255 extensum
843 4215 939 4254 naariae
952 4199 1058 4254 decreto
1070 4200 1207 4254 cumulate
1221 4201 1352 4269 paruerit3
1370 4215 1459 4270 eoque

176 4279 242 4346 luit;
261 4280 380 4350 adeoque
398 4283 425 4336 S.
440 4285 469 4336 C.
483 4284 564 4338 Cone.
582 4300 635 4336 non
655 4285 741 4338 solnm
762 4285 789 4338 in
843 4285 928 4352 inagis
941 4286 1012 4354 quod
1027 4284 1143 4339 dubitari
1156 4293 1285 4355 nequeat,
1296 4287 1363 4354 quin
1377 4284 1456 4353 plura

175 4363 233 4416 suis
248 4365 466 4433 responsionibus
478 4367 510 4420 ad
524 4367 665 4422 relationes
683 4369 790 4438 Episco·
842 4369 911 4422 irone
921 4370 948 4422 ia
962 4384 1016 4422 rem
1031 4367 1202 4424 incitamenta
1213 4383 1228 4423 a
1238 4369 1459 4439 suisSuperiori-

174 4461 269 4516 perum
292 4447 325 4502 de
344 4456 415 4503 statu
438 4451 616 4517 Dieeceseon,
637 4449 684 4506 sed
707 4452 788 4506 etiam
840 4451 1036 4506 buslrobnerit.
