3282 5008
493 451 591 500 ιιιιι.
607 452 763 500 roncare.
777 455 805 500 s.
820 453 985 502 ernsorcrr
1003 453 1032 501 ιιι
1050 451 1155 503 aaran
1404 431 1469 500 ll?

358 659 456 714 Vota
476 662 760 717 consultor-una
780 666 824 717 Ιιι
842 664 1122 731 compendium
1141 667 1312 725 nuncto.

264 871 513 968 Coniungimus
537 877 604 950 duo
628 877 873 953 Consultorum
899 891 1000 965 rota,
1026 903 1115 974 quae
1139 881 1241 974 plene
1265 883 1367 954 simul
1393 907 1472 957 con·

195 979 410 1066 sentiebant,
429 1006 473 1054 ex
490 994 637 1075 utroque
661 983 884 1079 decerpentes
900 1009 989 1079 quaa
1005 986 1156 1056 maxime
1174 987 1216 1056 ad
1233 1009 1307 1058 rem
1322 987 1468 1060 faciunt.

268 1084 378 1173 Quom
408 1111 523 1158 narrar
555 1090 958 1164 aaaron-Censebam
988 1091 1213 1165 Consultores
1244 1094 1287 1164 ad
1319 1095 1471 1188 primum

196 1189 338 1262 dubium
364 1216 440 1264 esse
464 1195 740 1286 respondendum
764 1195 975 1290 affirmative.
1003 1195 1150 1268 Decreta
1175 1197 1267 1268 enim
1288 1201 1360 1270 aS.
1380 1199 1471 1272 Con·

195 1298 392 1389 gregatione
420 1296 710 1390 indulgentiarum
728 1301 873 1382 emissa,
891 1321 979 1392 quae
996 1298 1172 1372 declarant
1188 1301 1379 1393 quemlibet
1395 1304 1471 1396 plu-

197 1425 251 1472 res
262 1401 434 1495 plenarias
445 1401 624 1474 distinctas
633 1403 866 1496 Indulgentiae
879 1404 1000 1476 eodem
1012 1404 1068 1476 die
1080 1405 1204 1477 lucrari
1218 1429 1331 1498 posse,
1341 1407 1470 1478 nullam

196 1508 324 1578 iaciunt
342 1506 598 1578 distinctionem
623 1509 715 1579 inter
738 1507 909 1601 plenarias
926 1508 1171 1602 indulgentias,
1190 1531 1278 1601 quae
1295 1510 1397 1581 simul
1415 1535 1472 1582 oe-

193 1625 334 1685 currant
363 1613 483 1685 eodem
508 1613 563 1685 die
587 1629 730 1708 propter
762 1613 912 1706 aliquam
945 1613 1196 1696 festivitatem,
1225 1628 1261 1686 et
1285 1615 1362 1686 illas
1387 1637 1474 1709 quas

194 1721 432 1816 unusquisque
456 1721 500 1792 ob
524 1743 623 1792 suam
648 1722 866 1794 devotionem
893 1721 954 1792 tali
978 1721 1047 1792 diei
1072 1720 1242 1792 adfixerit.
1270 1719 1362 1792 Satis
1378 1723 1471 1794 enim

194 1849 271 1900 esse
286 1827 551 1900 Consultoribus
575 1828 777 1913 videbatur,
796 1843 836 1902 ut
852 1828 1125 1923 adimplerentur
1141 1827 1357 1902 conditiones
1373 1853 1470 1924 prae·

195 1933 344 2026 scriptae
377 1957 440 2027 pro
456 1933 613 2027 qualibet
637 1934 850 2027 indulgentia
875 1934 1131 2016 lucrifaciendo,
1158 1957 1245 2027 quoe
1270 1934 1390 2006 eodem
1416 1936 1472 2006 die

195 2041 371 2114 iterabiles
395 2042 478 2113 sint.
506 2041 574 2113 Ubi
599 2043 692 2114 enim
716 2042 773 2114 lex
798 2067 866 2115 non
891 2043 1092 2135 distinguit,
1119 2063 1231 2135 neque
1262 2065 1325 2112 nos
1349 2043 1472 2114 distin-

195 2172 299 2241 guerr
323 2150 501 2222 debemus.
522 2149 572 2222 De
589 2173 626 2222 re
643 2151 736 2223 anim
758 2152 872 2244 agitur
889 2151 924 2219 in
941 2173 1009 2243 qua
1034 2171 1101 2220 non
1128 2161 1270 2242 apparet
1295 2149 1473 2222 sulliciens

195 2255 303 2338 ratio,
321 2267 464 2348 propter
487 2274 591 2346 quam
615 2254 699 2326 haec
723 2255 900 2326 distinctio
926 2254 1040 2325 induci
1066 2254 1210 2338 debeat3
1227 2254 1297 2324 imo
1314 2278 1333 2325 e
1350 2268 1471 2327 contro

195 2372 331 2432 constat
356 2360 432 2430 llll.
451 2359 649 2443 Pontifices,
675 2361 735 2453 qui
758 2361 847 2432 hano
871 2362 1007 2431 veniam
1032 2360 1157 2432 dedere
1181 2358 1472 2434 christifidelibus

196 2467 371 2539 statuendi
403 2467 496 2538 diem
520 2490 583 2559 pro
607 2467 771 2539 lucranda
803 2467 1038 2560 lndulgentia,
1065 2476 1162 2536 tanta
1192 2464 1341 2536 voluisse
1366 2467 1470 2558 potiri

195 2571 314 2644 lideles
329 2573 504 2655 libertate,
523 2586 563 2643 ut
579 2573 709 2645 nullam
725 2597 877 2667 unquam
898 2574 1139 2668 exceptionem
1156 2575 1190 2643 in
1209 2573 1311 2644 variis
1329 2572 1472 2644 indultis

195 2675 238 2746 de
262 2676 327 2748 bac
351 2698 389 2748 re
413 2678 649 2769 apposuerint.

267 2779 319 2850 Ad
344 2801 418 2850 rem
443 2779 584 2874 insuper
607 2781 815 2853 alienabatur
840 2781 1005 2855 resolutio
1029 2781 1064 2854 S.
1085 2780 1124 2854 C.
1146 2783 1172 2853 1.
1199 2785 1304 2857 dicit
1329 2784 1473 2856 Decem·

195 2883 268 2954 bris
288 2885 389 2953 1843.
417 2881 593 2977 Siquidem
619 2884 811 2978 Episcopus
835 2885 1033 2959 Boiacensis
1049 2890 1082 2958 in
1100 2887 1209 2960 Gallia
1225 2913 1287 2982 pro
1304 2913 1366 2960 sun
1383 2891 1474 2963 dioe-

194 2990 265 3059 cesi
290 2987 488 3061 obtinuerat
512 2989 705 3074 lndultum,
724 2995 758 3063 vi
775 2996 875 3064 cuius
900 2994 1150 3068 Christilrdeles
1175 2997 1267 3067 illius
1291 2997 1473 3079 dioecesis,

195 3093 257 3184 qui
278 3091 366 3162 inira
382 3114 485 3164 unam
503 3093 556 3164 vel
573 3094 659 3166 duas
674 3096 907 3170 hebdomadas
919 3103 966 3190 (l)
981 3101 1264 3174 sacramentalem
1278 3101 1476 3174 Confessio·

195 3218 277 3268 nem
295 3210 518 3290 peragerent,
537 3197 604 3270 frui
621 3214 764 3293 possent
788 3203 909 3276 eodem
927 3207 1094 3299 temporis
1111 3206 1294 3279 intervallo
1309 3206 1476 3301 plenariis

196 3300 424 3391 indulgentiis
449 3303 482 3372 in
508 3304 662 3397 qualibet
687 3307 841 3381 Ecclesia
866 3334 927 3383 seu
953 3311 1092 3403 publico
1117 3311 1300 3384 Oratorio:
1331 3325 1367 3383 et
1394 3336 1474 3384 cum

195 3407 392 3499 quaesitum
410 3408 533 3480 luisset
551 3434 622 3483 run
641 3414 676 3482 in
694 3415 847 3505 praelato
865 3416 1002 3487 indulto
1019 3432 1179 3510 ageretur
1194 3419 1236 3492 de
1253 3420 1476 3513 indulgentiis

198 3536 215 3574 n
236 3509 401 3583 localibus
426 3526 582 3599 tantum,
601 3530 662 3587 uut
678 3518 720 3590 de
737 3519 963 3614 indulgentiis
986 3522 1150 3614 plenariis
1175 3525 1474 3619 quibuscumque»

196 3640 400 3709 responsum
419 3620 486 3692 luit
502 3645 520 3692 a
537 3623 572 3694 S.
592 3623 632 3694 C.
653 3625 679 3694 l.
699 3625 957 3720 Intelligendum
975 3651 1044 3699 erre
1061 3629 1271 3701 decennibus
1294 3630 1477 3725 lndulpen-

195 3722 255 3791 tir'a
277 3737 346 3793 tam
379 3721 537 3796 localibus
560 3750 660 3822 quom
692 3730 948 3825 personalibus,
975 3756 1039 3828 pro
1071 3733 1190 3828 quibua
1220 3735 1476 3807 sacramentalis

196 3826 369 3922 Confessio
392 3843 553 3928 tunquam
576 3836 729 3908 iniuncto
752 3838 898 3909 conditio
922 3840 1118 3933 requiritur.

267 3935 379 4024 Quoao
404 3964 566 4014 sccunnor
592 3967 719 4015 aaaron.
733 3985 779 3998 -
793 3947 844 4016 nd
862 3947 1051 4018 seeundum
1069 3946 1212 4017 dubium
1233 3948 1353 4019 eodem
1371 3947 1475 4019 modo

194 4064 258 4135 pro
279 4044 484 4118 affirmativa
508 4051 681 4122 sententia
705 4052 844 4124 stabant
860 4055 1097 4126 Consultores.
1111 4053 1200 4126 Sane
1218 4077 1296 4126 cum
1314 4077 1357 4126 ex
1375 4055 1411 4125 S.
1430 4056 1471 4125 C.

195 4147 344 4222 decretis
368 4153 442 4223 sive
469 4156 737 4230 resolutionibus
772 4162 1012 4256 adimplendae
1037 4164 1106 4233 sint
1130 4163 1345 4235 conditiones
1376 4185 1475 4255 prae·

247 4399 284 4470 (ι)
305 4402 335 4456 ln
354 4401 807 4480 bocoousistebrtprlvileglumln·
857 4412 904 4468 sad
914 4414 983 4470 lntrr
996 4415 1064 4471 duas
1075 4413 1258 4470 hebdomadas
1267 4415 1472 4472 sacramentalis

193 4482 318 4552 dullum,
331 4495 362 4542 ut
375 4502 428 4543 non
442 4489 510 4545 intra
524 4505 627 4560 annin,
646 4501 677 4548 ut
694 4495 806 4564 assolet,
857 4497 989 4556 confessio
1001 4506 1181 4570 perageretur.
