3248 5004
708 441 891 488 rnonnunu
1410 414 1428 480 ³

158 541 250 612 lamo
275 540 318 611 de
343 564 385 612 en
409 563 572 635 agemus,
597 541 690 635 quod
714 555 984 614 consentaneum
1009 538 1095 611 uotis
1121 537 1155 609 in
1181 534 1298 610 libello
1323 558 1429 627 expo·

159 659 258 740 sitis,
286 659 340 730 vel
366 659 449 729 alibi
473 658 707 751 exponendis,
733 679 810 730 esse
835 655 1077 729 iudicabimus.

228 775 455 869 Quocumque
479 789 597 849 autem
622 777 724 848 modo
754 776 953 848 huiusmodi
978 787 1055 846 ncta
1080 787 1317 867 exponentur,
1343 772 1429 843 illud

159 907 359 967 constanter
381 895 662 978 observabimus,
688 895 869 967 videlicet:
897 896 933 964 in
957 895 1045 966 actis
1068 916 1156 986 quae
1172 915 1191 963 a
1208 895 1244 964 S.
1261 891 1350 964 Sede
1366 915 1430 985 pu-

159 1013 286 1084 blicata
310 1027 346 1086 et
371 1012 586 1106 promulgata
611 1035 679 1085 non
704 1012 856 1098 luerint,
881 1013 998 1084 omnia
1028 1035 1107 1084 vem
1140 1033 1364 1104 personarum
1392 1025 1431 1082 et

160 1131 317 1202 locorum
340 1133 480 1203 nomino
503 1133 644 1225 penitus
668 1131 926 1212 subducemus,
954 1131 1044 1202 lictis
1069 1129 1268 1209 nominibus
1283 1129 1351 1199 illis
1366 1152 1429 1224 op·

161 1263 311 1342 portune
335 1251 550 1342 subrogatis,
571 1251 625 1321 vel
652 1250 756 1322 etiam
781 1249 1008 1343 alphabeticis
1032 1248 1283 1341 lite1·is,⁸quae
1316 1269 1428 1342 neque

159 1368 309 1440 initiales
332 1368 402 1438 sint
431 1368 632 1440 eorumdem
657 1369 809 1441 locorum
834 1378 871 1440 et
896 1389 1140 1460 personarum,
1166 1368 1313 1460 quaein
1339 1370 1429 1438 actis

158 1486 346 1558 referendis
369 1498 574 1557 occurrunt:
602 1487 738 1559 solliciti
763 1486 946 1560 dumtaxat
961 1487 1004 1558 de
1021 1487 1223 1578 exponenda
1247 1486 1328 1558 iacti
1350 1509 1428 1580 spn-

158 1607 225 1688 cie,
244 1629 285 1677 eo
309 1606 382 1676 lere
406 1607 510 1677 modo
533 1607 645 1698 quoad
669 1607 757 1678 hanc
781 1628 875 1689 rern,
893 1629 963 1699 qun
983 1629 1083 1678 nasus
1108 1607 1255 1680 morales
1278 1608 1425 1700 proponi

157 1723 281 1794 solent.
308 1723 401 1795 Satis
425 1725 518 1796 enim
544 1737 616 1809 cst,
646 1741 685 1796 ut
714 1724 787 1796 dies
812 1737 848 1796 et
873 1747 984 1796 annus
1017 1725 1208 1807 indicetur,
1236 1725 1359 1796 titulus
1389 1739 1426 1797 et

157 1842 286 1924 forma,
304 1843 370 1913 sub
394 1843 521 1937 quibus
537 1858 615 1916 acta
631 1845 850 1937 prodierunt,
869 1856 905 1916 et
922 1845 1114 1936 respectiva
1131 1841 1167 1914 S.
1182 1841 1425 1936 Congregatio,

156 1973 197 2029 ut
212 1983 252 2032 ea
276 1984 341 2054 pro
364 1964 626 2056 opportunitate
650 1963 781 2056 possint
804 1963 957 2054 allegari.
977 1963 1069 2035 llaec
1089 1961 1230 2054 quidem
1255 1963 1298 2034 de
1321 1963 1427 2044 actis,

155 2098 246 2168 quae
263 2101 307 2148 ex
327 2081 432 2150 variis
448 2080 616 2152 limorum
633 2080 866 2152 Cardinalium
883 2079 1218 2173 Congregatinnibus
1241 2081 1428 2173 prodeunt.

227 2195 441 2269 Solemniora
465 2209 582 2270 autem
599 2211 689 2282 acta,
706 2221 794 2290 quae
811 2199 1010 2272 immediate
1027 2199 1207 2270 dimanant
1223 2222 1242 2270 a
1259 2199 1430 2292 Supremo

156 2313 314 2386 Romano
339 2315 526 2400 Pontifice,
543 2318 701 2410 quamvis
719 2339 779 2409 per
795 2316 952 2409 publicas
978 2317 1216 2410 ephemerides
1257 2318 1342 2388 satis
1357 2317 1429 2388 ubi·

155 2454 225 2524 que
249 2433 485 2526 divulgantur:
511 2447 626 2509 tamen
645 2459 684 2508 ea
700 2436 917 2529 praesertim,
936 2458 1025 2529 quae
1041 2437 1131 2508 circa
1156 2437 1430 2510 ecclesiasticum

157 2532 214 2620 ius
238 2565 437 2634 versantur,
463 2551 591 2625 referre
615 2554 651 2624 in
674 2554 738 2625 hac
763 2555 984 2648 ephemeride
1009 2555 1101 2626 haud
1124 2557 1339 2628 omittemus.
1360 2556 1430 2628 lla-

156 2669 250 2740 xime
274 2669 367 2740 enim
391 2669 556 2754 interest,
586 2673 672 2743 baec
695 2684 772 2742 ecta
796 2673 900 2742 simul
933 2673 1079 2745 collecta
1110 2674 1258 2758 babere,
1284 2687 1324 2744 ut
1348 2697 1430 2746 cum

154 2799 351 2877 opportuno
375 2789 510 2860 occasio
534 2811 610 2861 sese
636 2788 777 2872 offerat,
802 2814 841 2861 ea
867 2791 986 2860 statim
1013 2791 1150 2863 valeant
1175 2793 1332 2883 reperiri.

225 2903 350 2977 Paucis
373 2906 489 2999 itaque
513 2928 602 3001 quae
628 2907 883 3001 promittimus,
909 2909 1070 3002 sequenti
1095 2909 1203 2981 veluti
1228 2911 1429 2996 schemate,

154 3012 311 3107 colliges.

709 3140 874 3208 Am

591 3316 646 3370 EX
678 3317 735 3370 tts
764 3319 995 3374 DECERPTA

370 3469 473 3571 tutu
499 3473 605 3558 lllld
628 3477 816 3566 stlttttt
838 3480 976 3563 Sllllll
996 3479 1210 3568 dllllllllllll

455 3651 488 3710 ΙΝ
507 3652 730 3712 coustitutum
744 3657 945 3716 ortontunu
965 3659 1118 3719 tuntum

624 3807 676 3856 m·
696 3807 963 3859 ΙΙιΙιΙΜΙΔΙἎ

755 3933 810 3981 stu

225 4038 351 4110 «Aeta
374 4037 516 4112 iuridica
533 4054 569 4113 et
585 4042 791 4116 solemniora
815 4069 859 4117 ex
879 4046 1048 4140 Supremo
1073 4051 1229 4127 Romano
1252 4054 1424 4132 Pontillcc

153 4176 171 4220 ι
192 4154 393 4228 immediate
409 4157 635 4231 dimanantia:
654 4173 731 4232 acta
756 4161 847 4234 inter
863 4187 903 4236 ea
919 4187 1006 4257 quae
1031 4168 1159 4259 publici
1185 4171 1258 4242 lieri
1276 4191 1425 4266 possunt

153 4273 297 4354 rionis,
321 4275 395 4348 sive
419 4277 489 4347 sint
513 4277 677 4363 decreta,
704 4283 776 4354 sive
801 4283 1063 4370 Instructinnes,
1081 4289 1152 4360 sive
1171 4289 1367 4384 Responsa,
1386 4307 1424 4365 ct

153 4389 257 4460 ralia
273 4392 491 4480 huiusmodi;
508 4399 712 4490 praesertim
736 4422 816 4472 vero
835 4399 1025 4475 Causarum
1051 4408 1286 4500 expositiones
1309 4425 1345 4484 et
1370 4435 1421 4483 re·
