3282 5008
197 428 262 498 tat
641 453 823 500 susurrans
840 455 1019 502 ursaruonu

193 552 229 624 S.
249 553 337 627 Sede
352 554 566 628 declaratum
592 569 664 636 est,
691 558 983 651 subiungebatur‚
1009 581 1089 631 eum
1115 581 1191 630 csso
1216 577 1393 649 proprium
1412 577 1472 648 pa-

194 658 351 744 rochum,
370 663 412 732 ad
431 661 594 733 ellectum
621 666 832 736 matrimonii
853 666 966 737 valide
986 663 1229 744 contrahendi,
1245 663 1278 732 in
1296 663 1397 734 cuius
1412 683 1472 754 pa·

195 765 309 837 roscia
341 765 509 838 alteruter
533 791 577 839 ex
606 771 743 862 sponsis
776 769 991 842 domicilium
1021 769 1221 850 contraxit,
1247 768 1313 838 uisi
1338 765 1473 837 nullum

195 871 364 943 alteruter
387 871 536 956 habeat,
563 898 670 968 vagus
694 876 827 948 scilicet
852 876 920 960 sit3
946 899 1033 969 quac
1065 889 1222 948 extrema
1247 877 1281 945 in
1305 873 1400 944 facto
1424 872 1472 942 sic

195 979 445 1051 ostendebatur
469 1003 536 1050 non
564 982 747 1052 verificari.

267 1081 525 1156 Ostendebatur
539 1089 687 1179 primum
710 1089 854 1170 scilicet,
871 1089 1004 1160 nullum
1021 1087 1234 1160 domicilium
1248 1109 1266 1158 a
1279 1084 1417 1179 sponsis
1439 1083 1473 1152 in

196 1189 326 1283 oppido
351 1213 454 1283 saepe
479 1208 669 1265 memorato
691 1197 816 1266 initum
841 1197 947 1266 fuisso
973 1219 1016 1266 ex
1041 1196 1114 1287 ipsa
1139 1193 1302 1284 domicilii
1319 1191 1473 1262 notione.

197 1295 271 1368 lloc
295 1297 387 1367 enim
414 1320 482 1368 non
507 1301 667 1370 consistit
691 1302 726 1370 in
752 1300 825 1371 sola
850 1303 955 1372 animi
989 1302 1157 1373 electione
1191 1299 1309 1370 sedin
1335 1295 1472 1376 animo,

196 1417 235 1472 et
258 1401 374 1486 sacto,
401 1403 547 1496 allegata
572 1403 597 1473 i.
618 1409 662 1475 20
687 1408 728 1500 ss.
749 1405 794 1476 od
816 1408 979 1502 municip.
994 1407 1089 1476 -ibi·
1103 1435 1119 1471 α
1134 1405 1348 1476 domicilium
1374 1425 1412 1473 re
1439 1415 1474 1472 et

202 1509 327 1581 osacto
344 1509 571 1594 transfertur,
593 1535 660 1583 non
679 1513 769 1582 nuda
786 1515 1078 1584 contestatione.»

270 1616 430 1688 Etdocet
447 1617 538 1689 inter
555 1632 712 1690 caeteros
730 1618 955 1690 Reillenstuel
981 1617 1040 1689 Ius
1063 1641 1182 1689 corion.
1201 1615 1226 1686 l.
1246 1619 1335 1686 tria.
1358 1618 1378 1684 Ξ
1404 1615 1436 1705 §.
1456 1616 1476 1680 2

200 1747 235 1792 n.
258 1728 312 1792 l7.
327 1751 342 1787 r
355 1746 477 1798 verum
492 1725 706 1795 domicilium
721 1747 787 1796 non
806 1726 897 1796 noda
915 1725 1117 1808 voluntate,
1135 1738 1171 1798 et
1187 1724 1400 1803 assertione,
1416 1720 1475 1790 sed

202 1860 218 1894 a
236 1831 352 1901 animo
377 1843 412 1902 et
437 1829 529 1901 iacto
555 1831 659 1902 simul
684 1833 944 1902 constituitur.»
961 1831 1152 1902 Discrimen
1177 1852 1280 1924 porro
1304 1830 1397 1898 iuter
1420 1826 1478 1896 do·

200 1937 386 2020 micilium,
414 1952 450 2008 ct
473 1937 802 2031 quasi-domicilium
829 1939 864 2007 in
889 1963 930 2010 eo
955 1952 1009 2010 est
1034 1938 1252 2031 paramum,
1278 1935 1368 2026 quod
1395 1931 1479 2002 illud

200 2056 339 2134 practer
361 2043 492 2114 sactum
517 2042 742 2114 habitationis
767 2045 921 2136 requirat
944 2045 1100 2115 animum
1119 2057 1286 2134 perpetuo
1302 2039 1481 2119 manendi3

200 2150 265 2221 hoc
289 2173 387 2232 vero,
410 2150 564 2220 animum
597 2150 756 2222 manendi
791 2149 893 2244 longo
930 2165 1086 2244 tempore
1120 2149 1232 2242 prouti
1266 2147 1357 2216 inter
1395 2144 1481 2215 alios

200 2257 301 2327 docet
328 2255 499 2348 Zallingcr
525 2254 637 2326 instit.
667 2255 794 2327 Ecclrs.
820 2256 843 2325 l.
878 2263 890 2325 t
922 2259 975 2326 tit.
1002 2261 1022 2324 2
1053 2257 1084 2346 S.
1116 2259 1193 2324 148.
1218 2252 1481 2323 Animadverte-

202 2361 306 2432 batur
334 2362 502 2455 iusuper,
539 2385 639 2455 posse
668 2363 806 2455 quidem
836 2363 1172 2456 quasi-domicilium
1198 2359 1331 2453 acquiri
1363 2356 1482 2428 statim

201 2491 241 2538 ac
266 2469 384 2560 sponsi
409 2468 451 2538 ad
476 2467 625 2560 aliquem
650 2469 763 2539 locum
793 2495 868 2541 sese
894 2469 1106 2540 contulerint
1131 2468 1246 2538 animo
1271 2465 1375 2536 etiam
1400 2483 1483 2534 con·

202 2573 359 2645 trahendi
394 2575 673 2658 matrimonium,
704 2575 763 2646 sed
798 2577 864 2646 hoc
900 2589 983 2644 tunc
1021 2587 1156 2644 tantum
1182 2573 1364 2652 obtinere,
1399 2588 1481 2640 cum

201 2679 319 2771 spousi
343 2701 462 2750 revera
482 2679 639 2750 habitare
664 2680 857 2772 inceperint
882 2680 1013 2773 aliquot
1038 2679 1161 2750 saltem
1187 2678 1329 2758 dicbus,
1363 2672 1482 2744 simul·

202 2806 271 2876 que
294 2785 336 2856 de
361 2785 477 2854 animo
502 2785 662 2855 manendi
687 2784 833 2877 longiori
863 2801 1017 2878 terrrpore
1042 2786 1132 2856 haud
1161 2785 1208 2854 sit
1237 2780 1482 2872 ambigendum

205 2887 432 2960 heidenstuel
456 2886 515 2958 lib.
535 2896 555 2958 t
574 2891 627 2958 tit.
647 2892 668 2960 3
686 2890 716 2980 §.
738 2894 810 2959 ha.
831 2895 886 2960 60.
907 2890 1056 2962 Barbosa
1085 2890 1134 2960 Dc
1161 2889 1249 2983 ⁰ifi0·
1272 2901 1303 2957 et
1325 2897 1482 2986 potestat.

203 2994 343 3090 parochi
358 3007 451 3089 port.
471 2998 491 3063 2
514 3019 543 3065 c.
563 2999 620 3064 rt.
639 2997 792 3067 Sanchcz
821 2997 948 3089 aliique
975 2997 1101 3090 plures.
1123 2995 1170 3067 Et
1190 2993 1306 3065 docuit
1325 2992 1360 3061 S.
1377 2991 1481 3068 Rota,

204 3106 352 3175 Matrim.
371 3107 414 3174 10
434 3104 586 3175 ileccmb.
606 3111 692 3176 1625
710 3131 822 3177 coram
836 3106 990 3178 Meriino.
1007 3106 1147 3178 Scilicet
1167 3119 1204 3177 ut
1220 3105 1298 3197 quis
1311 3101 1484 3174 efficiatur

203 3210 435 3302 parochianus
459 3211 494 3280 in
520 3212 640 3282 ordine
664 3212 706 3282 ad
731 3213 1003 3284 contrahendum
1031 3211 1294 3282 matrimonium
1320 3229 1388 3276 non
1412 3207 1484 3275 sus-

203 3318 291 3400 licit,
304 3330 344 3388 ut
360 3318 516 3388 habitare
530 3319 672 3411 incipiat
685 3320 719 3389 in
734 3320 809 3391 loco
823 3333 890 3392 etc.
907 3320 1018 3406 rQuia
1036 3320 1101 3388 ista
1119 3317 1294 3389 conclusio
1312 3313 1482 3407 procedit,

208 3449 223 3488 n
239 3424 377 3513 quando
395 3447 474 3495 eum
493 3424 708 3497 habitatione
725 3438 862 3496 constat
878 3427 921 3498 de
937 3427 1052 3498 animo
1070 3423 1247 3495 habitandi
1267 3445 1327 3515 per
1344 3443 1484 3511 expres-

207 3551 312 3598 asam
334 3529 604 3600 declarationem
630 3553 691 3602 scu
720 3553 782 3622 per
810 3531 1030 3601 coniecturas
1055 3543 1122 3600 etc.
1145 3528 1254 3598 Deris.
1277 3531 1340 3595 tat
1370 3546 1483 3594 coram

208 3659 225 3700 ι
241 3631 478 3704 Dnnoaaettom

272 3736 387 3825 Quare
412 3741 440 3810 si
465 3741 665 3811 huiusmodi
690 3741 827 3812 animus
851 3742 1076 3812 contrahendi
1102 3740 1318 3812 domicilium
1344 3760 1412 3808 n0n
1429 3739 1484 3808 ha-

203 3841 348 3926 beatur,
375 3844 489 3936 aliqua
515 3869 610 3917 mora
635 3848 708 3917 sive
734 3847 920 3929 babitbtio,
947 3870 1015 3917 non
1040 3847 1170 3918 sufficit
1195 3860 1233 3916 ut
1250 3845 1286 3915 S.
1304 3844 1482 3935 congri).

204 3950 243 4016 iu
267 3946 409 4018 Adaiou.
440 3955 453 4017 l
484 3948 618 4020 Decem.
642 3954 729 4020 1640
758 3951 963 4022 declaravit:
982 3951 1059 4022 Nan
1091 3950 1202 4021 volere
1230 3951 1483 4020 matrimonium

204 4066 412 4122 contractum
435 4077 549 4124 coram
569 4055 717 4149 parocho
741 4053 806 4124 ioci
829 4054 887 4124 ubi
911 4054 1144 4125 contrahentes
1175 4054 1392 4150 reperiuntur
1417 4075 1484 4121 non

203 4158 318 4226 animo
342 4157 390 4227 ibi
412 4157 621 4229 domicilium
645 4159 865 4230 corrtrolrendi
880 4159 938 4228 tit.
959 4163 1001 4229 16
1020 4159 1143 4230 decret.
1168 4183 1245 4254 paq.
1267 4163 1335 4228 470
1352 4174 1383 4229 et
1401 4163 1480 4227 471.

277 4261 329 4332 Ex
356 4263 421 4333 hoc
446 4264 562 4356 itaque
587 4263 724 4335 deiectu
751 4266 940 4336 voluntatis
965 4267 1005 4335 bt
1030 4277 1068 4334 ut
1093 4266 1354 4335 matrimonium
1373 4262 1485 4332 valide

209 4388 277 4438 raon
302 4368 528 4438 contrahatur
544 4369 579 4438 in
596 4368 671 4440 loco
689 4371 916 4463 temporariae
942 4370 1146 4441 reclusionis
1170 4393 1233 4463 pro
1258 4370 1406 4462 simplici
1425 4392 1487 4440 cu-

204 4473 333 4556 stodia,
357 4470 412 4543 rel
440 4471 474 4540 in
499 4473 575 4544 loco
601 4475 841 4558 recreationis,
862 4474 914 4546 vol
933 4475 1186 4559 rusticationiS,
1205 4475 1295 4547 unde
1320 4476 1415 4548 brevi
1439 4477 1487 4546 sit
