3248 5004
190 417 240 491 8⁴
359 437 495 490 arnonus
513 434 642 485 onsstv.
657 435 684 483 s.
701 435 810 482 rnanc.
829 433 922 482 suren
937 433 1056 498 ‚rrrnsn
1077 433 1106 480 rs
1124 432 1183 478 vus
1198 429 1290 477 reon.

186 543 285 616 vlixi
311 544 367 618 vel
389 541 546 637 impediti
570 540 706 612 itineris
742 539 797 610 vel
834 535 963 639 negotii
994 534 1152 628 urgentis
1176 531 1230 606 vel
1257 529 1459 606 inlirmltatc

187 661 410 742 scopentur,
436 647 521 718 dicit
548 657 666 716 autem
690 665 755 714 non
780 641 921 713 micant
945 663 1008 734 pro
1032 638 1188 733 eoquod
1213 638 1363 711 debeant
1387 660 1458 708 non

188 755 432 848 aequitare.»
462 751 626 824 Ceterum
652 750 868 844 expositores
895 748 1020 820 docent
1044 745 1109 818 sub
1133 767 1279 818 censura
1305 743 1458 836 Regulac

185 858 410 934 Francisoalis
448 880 517 929 non
544 856 666 928 cadere
701 854 968 946 navigationem.
997 854 1070 924 lmo
1098 853 1141 923 de
1171 849 1391 922 itineratione
1421 849 1457 918 ir·

183 966 357 1049 curribus,
378 965 437 1059 qui
458 964 559 1035 aliter
581 984 683 1056 quam
705 962 749 1033 ab
770 959 978 1032 animalibus
1000 957 1239 1051 impelluntur,
1265 966 1384 1026 censet
1407 951 1460 1027 De

184 1072 340 1143 Amoenn
367 1070 408 1140 de
431 1066 562 1140 delictis
588 1079 621 1138 et
640 1068 758 1162 poenis
778 1080 803 1135 t.
828 1067 849 1136 3
870 1065 923 1133 tit.
948 1067 968 1133 9
989 1064 1060 1154 §.2
1086 1085 1161 1135 eam
1187 1084 1207 1132 a
1232 1060 1362 1154 Regula
1388 1083 1458 1130 non

184 1175 373 1269 prohiberi,
392 1187 428 1245 et
444 1171 654 1245 recentiores
670 1171 885 1264 expositores
904 1167 951 1260 (l)
970 1169 1191 1241 consentiunt
1206 1193 1332 1241 omnes
1354 1191 1459 1240 usum

183 1280 252 1351 iter
276 1278 415 1350 ineundi
440 1277 474 1348 in
500 1276 565 1347 viis
589 1274 727 1347 ferratis
750 1296 812 1367 per
835 1295 873 1344 se
898 1293 967 1344 non
992 1293 1066 1343 esse
1092 1274 1320 1364 prohibitum,
1346 1299 1389 1346 ex
1416 1298 1462 1346 eo

182 1385 275 1477 quod
299 1383 446 1455 Sanctus
469 1379 621 1473 Regulos
645 1378 802 1450 conditor
826 1399 906 1449 eum
924 1376 1050 1449 nedum
1074 1380 1377 1473 comprehendere,
1396 1405 1412 1450 s
1435 1381 1460 1450 d

183 1513 248 1563 nec
271 1500 389 1562 mento
412 1488 529 1583 potuit
553 1487 618 1558 sibi
636 1484 776 1578 lingere.

255 1597 304 1668 Ea
317 1619 396 1676 onae
409 1616 602 1669 vrnssmron
617 1615 835 1663 rccutunvrcn
849 1613 986 1662 onsrrrs
1000 1613 1068 1662 nure
1082 1592 1460 1663 tricenarium-Hisce

184 1701 426 1794 praestitutis,
458 1697 811 1777 animadvertebatur,
828 1693 1002 1787 triplicem
1035 1717 1109 1766 esse
1133 1695 1249 1777 finem,
1276 1719 1378 1788 quem
1413 1719 1458 1766 ert

182 1809 360 1877 communi
384 1801 633 1896 Expositorum
655 1801 812 1872 doctrina
855 1800 892 1871 in
915 1799 1129 1892 equitatione
1161 1800 1343 1872 inhibenda
1368 1802 1462 1875 lator·

182 1910 270 2003 legis
293 1908 361 1980 sibi
385 1908 586 2003 proposuit,
616 1929 740 1999 nempe
764 1919 804 1976 ut
829 1907 928 1978 daret
958 1905 1104 1976 sormam
1136 1906 1363 1979 solicitudinis
1387 1910 1462 1981 evi·

182 2015 308 2087 tandae
324 2015 360 2084 in
376 2013 592 2107 procurando
608 2013 721 2104 pretio
738 2012 973 2105 equitationis,
990 2010 1196 2082 humilitatis
1211 2011 1461 2095 observandae,

183 2133 222 2191 ct
244 2118 459 2191 austeritatis
482 2117 706 2191 exercendae.
733 2121 779 2187 At
803 2139 884 2188 vero
905 2115 948 2188 ad
967 2115 1035 2186 iter
1059 2115 1093 2184 in
1118 2116 1183 2186 viis
1207 2116 1328 2189 ferreis
1351 2123 1462 2189 susci·

184 2223 351 2315 piendum
375 2221 564 2315 requiritur
587 2221 757 2313 pretium3
773 2221 947 2292 inceditur
962 2241 1058 2291 more
1075 2219 1240 2291 nobilium
1258 2233 1317 2292 aut
1335 2224 1460 2294 saltem

183 2329 356 2413 divitum3
379 2328 529 2421 deniquo
564 2326 797 2412 commodius,
827 2349 932 2420 quam
961 2347 1065 2420 super
1096 2349 1184 2421 equo
1207 2327 1264 2400 vel
1288 2352 1391 2400 curru
1416 2331 1464 2399 ab

183 2434 285 2527 equis
309 2433 456 2516 educto,
480 2432 550 2504 iter
572 2431 775 2504 absolvitur.

257 2541 402 2632 lnsuper
421 2561 505 2611 cum
529 2539 621 2633 quod
646 2537 761 2609 minus
785 2549 839 2610 cst
861 2536 1079 2631 prohibetur,
1104 2539 1209 2611 etiam
1233 2541 1323 2633 quod
1349 2541 1465 2611 maius

183 2644 477 2739 essoprohibitum
500 2643 634 2716 censeri
660 2641 782 2727 debet,
809 2644 838 2714 si
863 2642 925 2712 flni
948 2664 1052 2735 quem
1076 2643 1167 2717 lator
1189 2645 1276 2736 legis
1300 2644 1366 2714 sibi
1384 2669 1465 2738 pro-

185 2753 302 2847 posuit
326 2749 548 2834 adversetur3
580 2749 698 2844 itaquo
726 2769 807 2819 cum
838 2748 955 2840 bigare
980 2759 1015 2821 et
1038 2751 1241 2843 quadrigare
1271 2752 1383 2821 maius
1415 2750 1466 2820 sit

186 2878 292 2951 quam
316 2854 494 2948 equitare,
511 2855 592 2928 binc
616 2855 657 2926 lit
680 2856 808 2949 quoda
825 2855 867 2927 1).
885 2852 1127 2928 bonaventura
1144 2869 1183 2930 et
1196 2854 1466 2950 Expositoribus

186 2962 255 3035 sub
279 2960 431 3055 Regulae
455 2960 667 3036 lmnciscalis
689 2983 836 3034 censura
868 2959 997 3052 bigatio
1021 2975 1057 3034 et
1088 2961 1303 3056 quadrigatio
1338 2961 1461 3032 cadere

187 3067 423 3141 communiter
445 3067 615 3138 tradatur.
642 3066 746 3160 Atqui
771 3067 856 3140 lerri
877 3089 917 3138 ac
941 3068 1014 3160 rapi
1039 3069 1074 3138 in
1100 3067 1167 3138 viis
1190 3066 1323 3140 serratis
1355 3067 1461 3138 etiam

186 3171 300 3242 maius
323 3183 395 3256 est,
413 3192 517 3265 quam
540 3170 631 3265 bigis
646 3170 700 3244 vel
716 3171 892 3265 quadrigis
915 3172 1006 3244 vobi.
1031 3174 1155 3266 ltaque
1176 3171 1353 3244 benedict.
1373 3171 1462 3242 xlv.

184 3275 221 3345 in
235 3273 356 3348 Const.
377 3275 554 3347 rmiuncti
569 3273 691 3346 nobiae
709 3276 793 3347 dum
817 3297 945 3371 poenas
960 3277 1143 3350 constituit
1158 3277 1193 3347 io
1209 3299 1289 3361 eos,
1308 3276 1369 3371 qui
1386 3274 1465 3346 abs·

183 3401 254 3472 que
277 3402 382 3451 eausa
406 3393 550 3454 utantur
573 3381 687 3462 cisiis,
711 3382 829 3454 subdit
852 3405 960 3477 aeque
984 3382 1144 3456 interdici
1162 3385 1346 3476 quodlibet
1370 3384 1460 3455 aliud

184 3486 521 3575 commodquuae
533 3488 694 3581 loquendi
709 3488 857 3562 lormula
865 3491 1024 3583 generice
1038 3499 1106 3572 est,
1120 3511 1159 3560 ao
1171 3490 1339 3562 latissime
1351 3503 1462 3583 patet.

254 3591 437 3666 Praeterea
453 3616 533 3666 cum
549 3595 674 3689 aliquis
697 3607 797 3669 actus
820 3596 1036 3690 prohibetur,
1050 3597 1243 3669 contrarius
1258 3597 1335 3669 eius
1351 3597 1466 3667 iniun-

185 3707 264 3768 ctus
297 3698 503 3793 intelligitur
515 3723 528 3787 ;
552 3701 603 3775 sic
626 3703 656 3774 si
686 3702 911 3798 prohibeatur
933 3705 1058 3786 otium,
1085 3704 1265 3796 occupatio
1297 3725 1338 3774 ac
1367 3701 1467 3776 labor

185 3801 372 3896 impositus
394 3805 626 3879 existimatur.
652 3808 796 3897 Quando
820 3810 937 3902 itaquo
961 3810 1178 3884 interdicitur
1201 3809 1385 3904 equitatio,
1402 3833 1466 3905 pe·

186 3907 314 3978 destris
337 3907 401 3980 itio
424 3921 462 3981 et
485 3910 641 3985 incessus
671 3913 847 3985 iniunctus
879 3937 956 3988 esso
986 3914 1133 3986 dicetur.
1169 3917 1325 3987 lamvero
1349 3915 1377 3986 si
1403 3938 1466 4008 pe·

185 4011 313 4083 destris
336 4012 387 4087 ire
409 4013 561 4101 debeas,
594 4017 664 4090 iam
696 4039 760 4090 neo
785 4019 821 4088 in
844 4040 949 4091 curru
981 4019 1136 4112 qualibet
1165 4021 1299 4092 ratione
1330 4019 1465 4092 dimoto

185 4117 377 4212 adactoque
393 4111 552 4196 incedere
575 4122 639 4195 tibi
664 4125 872 4216 permissum
896 4125 976 4197 erit.

257 4222 412 4298 Tandem
436 4226 686 4301 observabatur
716 4248 820 4300 usum
849 4251 1013 4302 curruum
1038 4233 1308 4328 raporilerorum
1341 4229 1465 4302 multis

184 4326 415 4405 incommodis
437 4332 635 4408 facillimam
659 4336 794 4430 aperire
817 4335 922 4407 viam.
948 4333 1034 4408 Nam
1057 4339 1170 4434 primo
1194 4339 1346 4432 pretium
1368 4335 1467 4408 inve·

247 4461 284 4530 (t)
298 4459 329 4512 Ρ.
340 4457 491 4530 conleatti,
505 4460 656 4518 libertast
667 4462 796 4528 Bolseno,
807 4462 883 4519 Pater
893 4462 1042 4520 Samoslss
1054 4463 1146 4522 Laudo
1156 4465 1282 4523 Pomneia
1292 4463 1372 4540 vulgo
1383 4465 1465 4518 tout
