3282 5008
638 456 824 506 autumans
840 448 1036 506 stratuum.
1408 431 1477 502 tat

207 579 311 652 aquo
332 571 486 653 tempore
506 559 543 631 in
564 561 720 654 parochia
748 574 910 654 tanquam
936 561 1120 633 Decretum
1145 559 1291 632 Concilii
1315 557 1479 630 ohserva-

207 688 226 726 ι
242 663 435 736 tumulloc
460 663 573 757 ipsum
601 665 664 735 iam
690 664 873 736 delinitum
899 665 1012 737 fuerat
1036 689 1056 736 a
1080 664 1117 735 S.
1136 662 1176 734 G.
1194 662 1235 733 C.

275 765 374 854 Quod
394 769 425 838 si
448 791 510 862 per
520 766 728 860 hypothesim
745 770 850 842 etiam
868 770 1117 843 concederetur
1133 771 1260 843 tactam
1277 791 1345 842 nou
1368 769 1480 845 fuisse

240 873 406 946 eiusmodi
430 873 697 966 publicationem
723 875 759 945 iu
783 877 939 969 paroecia
965 877 1008 948 de
1031 899 1099 969 qua
1122 875 1277 969 agimus,
1303 898 1383 948 cum
1400 876 1479 946 nul·

204 975 280 1047 lum
304 980 446 1072 praefati
470 980 588 1072 sponsi
606 979 818 1052 domicilium
836 983 870 1051 in
888 981 1102 1064 calluerint,
1122 982 1218 1054 irrite
1236 983 1357 1054 eodem
1375 979 1481 1054 modo

205 1085 471 1157 contraxissent.
498 1086 637 1157 Etenim
663 1085 823 1157 Urbanus
849 1087 933 1157 Vlll.
962 1087 997 1157 in
1023 1087 1133 1158 literis
1165 1087 1233 1159 diei
1262 1091 1304 1158 tt
1329 1090 1476 1181 Augusti

210 1191 297 1258 ¹627
314 1189 480 1262 eiusmodi
498 1192 714 1263 confirmavit
733 1191 960 1266 resolutiones
976 1191 1012 1264 S.
1033 1192 1072 1264 C.
1088 1191 1127 1263 C.
1149 1215 1274 1286 nempe
1290 1193 1477 1286 propositis

206 1291 322 1363 dubiis
336 1294 390 1364 Ι.ι
407 1295 458 1364 ha
477 1295 609 1368 incolae
625 1308 695 1367 tarn
712 1295 857 1367 masculi
873 1317 977 1388 quam
995 1295 1164 1368 foeminae
1175 1294 1243 1368 loci
1256 1297 1290 1368 in
1304 1319 1372 1390 quo
1385 1296 1479 1368 Con·

209 1425 225 1458 υ
241 1396 357 1468 cilium
383 1398 623 1470 Tridentinum
646 1401 681 1468 in
707 1415 838 1493 puncto
869 1400 1080 1472 matrimonii
1109 1413 1164 1472 est
1191 1402 1473 1495 promulgatum,

207 1515 459 1574 »transeuntes
484 1527 546 1598 per
569 1505 681 1577 locum
707 1505 741 1576 in
767 1527 835 1600 quo
858 1505 991 1577 dictum
1015 1505 1206 1579 Concilium
1232 1527 1301 1578 non
1327 1520 1380 1580 cst
1396 1529 1475 1599 pro·

209 1607 430 1694 umulpatum
457 1611 645 1680 retinentes
669 1608 763 1680 idem
788 1609 1023 1691 domicilium,
1051 1609 1161 1682 valide
1190 1611 1324 1702 possint
1349 1611 1383 1680 in
1410 1612 1482 1682 isto

208 1740 224 1774 a
240 1710 316 1782 loco
338 1713 598 1785 matrimonium
614 1714 688 1785 sine
705 1715 862 1786 Parocho
878 1728 914 1787 et
933 1717 1081 1787 testibus
1100 1715 1316 1789 contrahere.
1332 1716 1372 1786 ll.
1387 1716 1476 1804 Quid

207 1817 268 1887 nsi
292 1841 333 1889 eo
356 1818 524 1911 praedicti
549 1818 679 1891 incolae
705 1832 778 1892 tam
803 1821 946 1892 masculi
972 1833 1043 1892 tam
1069 1821 1238 1894 foeminae
1256 1821 1328 1894 solo
1346 1824 1481 1906 animo,

207 1923 311 1995 »sine
334 1927 484 2017 parocho
508 1938 544 2000 ct
569 1926 743 2009 testibus,
768 1928 993 2000 contrahendi
1017 1951 1055 2000 se
1081 1928 1315 2012 transferant,
1342 1929 1478 2001 habitu-

205 2059 222 2095 a
241 2031 365 2102 tionem
391 2054 459 2103 non
486 2029 727 2105 mutantes...l
741 2034 845 2104 iidem
862 2033 1063 2107 Cardinales
1080 2033 1121 2105 ad
1141 2034 1165 2104 1.
1184 2044 1221 2105 et
1242 2033 1284 2104 11.
1305 2057 1372 2106 non
1400 2059 1482 2107 esse

206 2167 222 2202 a
239 2137 434 2230 legitimum
462 2141 719 2212 matrimonium
745 2141 955 2213 intorsisse
972 2141 1221 2214 transferentes
1236 2165 1276 2214 ac
1296 2155 1480 2214 transeun-

205 2272 221 2312 η
237 2255 290 2315 tes
305 2266 387 2316 cum
404 2245 578 2318 fraude...
593 2246 879 2337 responderunt.»
895 2245 1073 2318 Benedict.
1091 2245 1180 2318 xlv.
1198 2243 1282 2316 fust.
1297 2243 1412 2318 eccles.
1431 2247 1480 2316 33

202 2373 237 2420 n.
253 2351 272 2418 9
289 2361 322 2419 et
337 2349 374 2420 in
391 2352 488 2448 epist.
510 2349 554 2420 nd
572 2349 675 2420 dach.
694 2349 800 2422 Goon.
819 2355 859 2419 17
875 2350 992 2421 Martii
1009 2354 1112 2422 1758.

274 2795 291 2840 a
311 2772 365 2844 An
387 2785 524 2845 constet
538 2772 580 2844 de
596 2773 758 2847 nullitate
774 2774 983 2847 Matrimonii
1009 2776 1044 2846 in
1068 2797 1186 2846 casu.»

275 2881 457 2956 Rasnturto
476 2907 614 2954 nutrc-
630 2883 766 2956 Pluries
782 2907 886 2955 causa
910 2884 1086 2978 proposita
1103 2908 1147 2956 ex
1162 2884 1234 2956 Viri
1251 2884 1415 2955 instantia
1435 2909 1477 2956 ac

201 2987 376 3071 discussa,
390 2989 425 3061 S.
442 2987 670 3082 Congregatio
683 2989 826 3061 Concilii
840 3003 1038 3062 constanter
1054 2989 1190 3061 censuit
1214 2991 1475 3060 matrimonium

202 3116 279 3166 esse
303 3095 463 3181 nullum;
488 3109 523 3167 et
549 3094 685 3167 tandem
712 3097 928 3188 reproposito
944 3095 1048 3166 dubio
1064 3094 1130 3164 suh
1145 3094 1311 3165 formula:
1331 3095 1409 3163 «An
1427 3095 1475 3162 sit

205 3202 399 3273 astandum
425 3201 479 3273 vel
504 3200 732 3274 recedendum
757 3224 775 3271 a
800 3201 926 3273 decisis
950 3203 985 3271 in
1010 3223 1123 3272 casua
1150 3199 1186 3270 S.
1204 3197 1330 3291 Congr.
1350 3198 1406 3271 die
1423 3201 1473 3267 id

206 3307 352 3400 Augusti
380 3312 467 3378 tstt
494 3308 689 3399 respondit:
715 3309 752 3378 in
775 3306 895 3378 decisis
918 3322 950 3378 et
974 3305 1131 3402 amplias.

274 3518 326 3590 Ex
344 3541 453 3598 cursus
470 3543 601 3590 curatus
619 3543 780 3590 accurare
800 3542 964 3588 renarras
982 3540 1151 3588 ccctrcana
1172 3540 1269 3586 voras

273 3623 300 3694 1.
326 3623 583 3696 Matrimonium
607 3636 824 3696 contractum
841 3645 954 3696 coram
968 3623 1120 3694 Parocho
1137 3644 1206 3691 non
1223 3619 1361 3714 proprio
1379 3619 1477 3690 nulla

202 3729 454 3801 interveniente
481 3729 711 3821 delegatione,
726 3730 760 3798 in
775 3729 1046 3821 locisinquibus
1071 3726 1285 3820 publicatum
1311 3737 1364 3796 est
1387 3723 1459 3795 Con

201 3834 321 3906 cilium
346 3835 604 3916 Tridentinum,
624 3835 760 3905 irritum
785 3857 860 3906 esse
884 3834 1042 3926 quamvis
1058 3832 1115 3903 hic
1128 3831 1302 3902 Parochus
1319 3841 1478 3900 caeteras

201 3939 440 4014 solemnitates
456 3939 686 4032 praescriptas
710 3939 907 4032 adimpleat.

272 4043 314 4114 ll.
341 4043 597 4116 Matrimonium
622 4044 672 4114 sic
697 4054 912 4113 contractum
946 4041 1105 4134 quamvis
1135 4039 1259 4109 initum
1291 4037 1474 4108 bonafide

201 4148 293 4221 eirca
316 4150 470 4222 eiusdem
496 4148 733 4230 validitatem,
762 4149 897 4218 irritum
925 4161 1039 4218 tamen
1065 4168 1222 4226 manere,
1242 4166 1305 4214 nec
1322 4165 1383 4235 per
1399 4141 1473 4212 lou-

201 4277 280 4348 gam
304 4256 553 4348 pacificamque
577 4277 782 4349 sponsorum
807 4253 1098 4326 cohabitationem
1124 4249 1347 4321 convalidari.

272 4359 329 4430 111.
356 4358 548 4431 Parochum
573 4371 690 4430 autem
715 4358 892 4451 proprium
917 4356 1014 4426 illum
1039 4354 1107 4425 dici
1132 4354 1168 4423 in
1192 4355 1291 4424 cuius
1315 4351 1474 4445 paroecia

199 4464 369 4538 alteruter
392 4488 436 4538 cx
460 4465 596 4558 sponsis
620 4465 741 4534 saltem
766 4461 1094 4555 quasi-domicilium
1119 4460 1315 4542 contraxit,
1341 4470 1378 4529 et
1408 4457 1478 4527 hoc
