3282 5008
183 402 231 477 90
477 431 726 484 discesseramus
751 433 846 479 suren
874 435 1157 492 rancoutrrnvrrs.

255 532 388 624 Quibus
411 535 572 607 amnibus
597 536 687 606 idem
713 537 852 609 Praesul
870 539 941 608 suis
958 537 1068 611 literis
1085 540 1261 634 respondit
1278 540 1455 615 «Peracto

184 664 338 713 aceram
368 640 429 712 SS.
456 640 758 713 Caeremoniarum
787 643 889 712 buius
923 643 1096 716 llioecesis
1128 645 1287 733 Magistro
1311 669 1454 740 scrupu-

185 746 295 818 aloso
321 747 558 839 experimento
583 769 687 839 super
715 747 852 818 defectu
884 748 1069 840 digitorum
1100 751 1234 842 pollicis
1264 764 1300 822 et
1330 751 1454 822 indicis

185 881 202 916 a
221 853 385 923 dexterae
401 851 504 921 buius
526 849 681 922 Orator-is
705 875 748 923 cx
773 853 910 923 ustione
935 856 1180 946 proveniente,
1206 855 1289 924 nihil
1313 857 1453 926 ommno

184 984 202 1020 u
222 969 405 1049 expertum
431 968 485 1028 est
513 957 604 1049 quod
628 957 742 1028 Sacris
768 957 930 1029 faciendis
958 959 1120 1051 praebeat
1146 962 1451 1054 impedimentum,

182 1087 201 1128 a
221 1063 355 1155 quodve
380 1061 572 1156 periculum
598 1063 759 1134 exhibeat
783 1064 856 1133 sivo
881 1063 1123 1137 irreverentiae
1149 1068 1221 1140 sive
1254 1067 1369 1159 populi
1395 1068 1453 1138 ad·

182 1169 431 1251 amicationis,
458 1169 522 1238 nisi
556 1167 701 1240 fortasse
735 1170 769 1238 in
803 1182 880 1241 actu
914 1170 1219 1244 administrationis
1248 1196 1363 1244 sacrae
1394 1173 1450 1268 Sy·

183 1302 201 1337 u
223 1273 357 1344 nattis.»

255 1406 271 1441 a
287 1376 413 1449 Orator
424 1379 483 1471 qui
498 1377 592 1448 nullo
605 1401 648 1449 ex
661 1377 752 1450 lacto
766 1382 1050 1472 repraehensione
1063 1383 1165 1474 digno
1177 1385 1268 1455 hune
1281 1383 1453 1456 defectum

182 1512 202 1545 a
223 1504 345 1573 passus
362 1495 435 1564 est,
454 1482 580 1554 aetatis
596 1505 677 1553 suae
694 1505 820 1552 annum
846 1489 883 1555 18
901 1487 1034 1577 attigit3
1053 1488 1251 1577 integritate
1269 1510 1400 1558 morum
1420 1506 1454 1558 et

184 1613 202 1648 a
224 1607 360 1656 summa
377 1587 419 1657 ad
436 1586 548 1656 studia
565 1586 794 1679 applicatione
812 1589 935 1680 pellet,
950 1605 1161 1682 quapropter
1178 1593 1385 1662 censendum
1401 1604 1454 1663 est

182 1719 201 1754 a
223 1691 410 1763 utilitatem
429 1706 464 1764 et
481 1693 720 1764 necessitatem
736 1694 910 1767 Ecclesiae
936 1697 1042 1789 ipsius
1066 1698 1257 1767 ministerio
1283 1699 1452 1790 indigere,

182 1817 201 1860 a
222 1809 257 1867 et
274 1820 378 1890 super
402 1798 575 1891 praedicto
593 1797 841 1889 impedimento
858 1800 1047 1892 dispensari
1068 1825 1184 1893 posse,
1204 1802 1389 1874 dummodo
1405 1801 1452 1872 illi

182 1928 200 1964 a
222 1901 420 1974 facultatem
439 1901 603 1974 concedat
619 1901 745 1974 ssmus
762 1905 1022 1976 administrandi
1040 1907 1177 1976 sinistra
1195 1929 1299 1976 manu
1324 1930 1453 1978 sacram

184 2033 201 2072 a
223 2007 513 2079 Euelraristiam.»
938 2060 940 2062 ψ

252 2110 355 2182 Novis
372 2113 512 2205 insuper
529 2111 638 2184 literis
655 2113 865 2184 exactiorem
890 2113 1045 2186 defectus
1069 2114 1334 2206 descriptionem
1359 2116 1454 2186 hisce

181 2217 296 2286 verbis
321 2219 478 2289 exhibuit
502 2219 697 2290 «Deiectus
721 2219 906 2310 digitorum
932 2220 1067 2313 pollicis
1091 2235 1126 2293 ct
1150 2220 1283 2291 indicis.
1301 2273 1310 2289 .
1327 2274 1334 2289 .
1354 2222 1388 2291 in
1414 2246 1455 2293 eo

183 2350 200 2384 a
221 2324 402 2406 consistit,
430 2336 469 2395 ut
494 2348 561 2396 non
588 2324 698 2394 solum
724 2326 789 2417 ipsi
822 2325 934 2395 adusti
972 2340 1007 2398 et
1033 2349 1151 2398 eorum
1176 2327 1343 2399 teodones
1374 2350 1455 2400 con-

185 2429 322 2498 utraeti
350 2429 440 2513 sint,
468 2432 526 2502 sed
552 2432 656 2502 etiam
681 2432 772 2522 quod
797 2431 936 2501 dimidia
971 2455 1048 2525 pars
1081 2434 1223 2504 ultimae
1258 2455 1319 2504 seu
1353 2457 1454 2527 supe-

181 2535 320 2604 arioris
344 2535 522 2628 phalangis
546 2560 634 2625 pene
659 2538 807 2607 deficiat.
828 2536 893 2609 Sed
920 2561 997 2608 curn
1020 2539 1144 2630 unguis
1161 2539 1194 2608 in
1214 2549 1359 2630 utroque
1376 2563 1454 2609 suc-

182 2638 388 2721 acreverit,
415 2639 514 2711 facile
539 2654 574 2711 et
599 2642 728 2713 moveri
755 2654 791 2713 et-
817 2642 904 2710 uniri
931 2655 1093 2735 possunt3
1123 2643 1275 2735 nihilque
1308 2643 1453 2735 impedit

180 2772 199 2810 a
218 2745 403 2837 quominus
420 2745 531 2816 hostia
557 2747 648 2818 inter
672 2749 763 2840 ipsos
788 2760 848 2817 aut
873 2760 1031 2820 teneatur
1055 2761 1115 2818 aut
1139 2749 1357 2841 frangatur.»

251 2849 596 2921 animadvertebatur
614 2877 694 2925 vero
708 2877 749 2924 ca
761 2852 869 2947 officio
885 2856 1100 2946 potissimam
1114 2853 1367 2935 difficultatem,
1379 2876 1454 2945 pro-

178 2969 258 3048 pter
274 2977 377 3048 qnam
395 2954 575 3046 implorata
591 2958 801 3050 dispensatio
817 2981 860 3030 ex
878 2959 975 3050 praxi
996 2959 1030 3029 S.
1051 2958 1332 3050 Congregationis
1350 2957 1455 3028 dene·

177 3060 290 3152 ganda
316 3058 517 3142 videbatur,
544 3063 578 3130 in
604 3086 644 3134 eo
670 3087 744 3134 esse
770 3062 860 3156 quod
885 3063 1051 3154 agebatur
1075 3086 1143 3133 non
1168 3064 1387 3157 depromota
1412 3061 1454 3131 ad

177 3165 217 3236 S.
236 3165 401 3247 Ordines,
428 3166 486 3238 sed
512 3168 554 3239 dc
578 3169 832 3261 promovendo,
867 3191 936 3261 quo
960 3169 994 3236 in
1021 3193 1103 3241 casn
1136 3173 1263 3241 rariora
1288 3180 1369 3240 sunt
1393 3192 1454 3240 re-

176 3271 308 3360 scripta
333 3268 369 3339 S.
388 3267 426 3339 C.
448 3271 542 3342 bisce
566 3269 815 3343 Postulautibus
828 3272 1038 3344 favorabilia.
1058 3273 1321 3344 Exhibebantur
1336 3286 1453 3343 tamen

176 3375 214 3444 S.
235 3374 275 3444 C.
294 3376 458 3447 nonnulla
487 3379 651 3470 rescripta
669 3377 711 3448 ad
737 3400 809 3449 rem
827 3378 1005 3459 facientia,
1024 3377 1163 3469 quibus,
1189 3390 1322 3450 attenta
1347 3377 1455 3452 eccle·

176 3479 250 3550 siae
274 3478 445 3563 utilitate,
473 3504 551 3552 eum
576 3481 653 3553 aliis
677 3483 913 3575 dispensatum
938 3495 1024 3552 erut.

249 3583 781 3680 Rusrens10.-SaeraCongreg.
808 3587 863 3658 die
888 3591 932 3659 23
958 3587 1103 3658 lanuarii
1129 3592 1215 3658 tsnt
1232 3588 1327 3661 bisce
1348 3611 1453 3683 expo·

177 3692 257 3762 sitis
280 3715 342 3786 per
365 3694 550 3761 summario
570 3715 710 3788 precum
735 3694 871 3766 censuit
895 3696 1125 3788 respondere:

249 3797 355 3867 Prout
380 3799 559 3893 exponitur
582 3821 648 3868 noa
673 3799 844 3895 expedire.

248 4005 301 4077 Ex
331 4030 449 4077 auarus
478 4031 601 4078 natans
629 4033 779 4080 excurras
809 4035 1038 4081 aascnrrroauu
1064 4035 1159 4083 suasa
1187 4037 1451 4085 rarsantruurrr

176 4134 296 4181 anuas:

249 4215 273 4284 l.
302 4215 389 4286 Eam
406 4239 481 4288 esse
499 4220 631 4310 praxim
649 4219 684 4289 S.
699 4220 982 4312 Congregationis
1000 4221 1033 4290 in
1051 4223 1248 4296 huiusmodi
1264 4226 1400 4296 casibus
1417 4226 1450 4296 in

176 4320 303 4412 quibus
319 4322 582 4414 irregularitatis
598 4325 809 4416 dispensatio
835 4327 981 4418 petitur,
1005 4339 1056 4406 ut,
1084 4343 1223 4420 praeter
1254 4347 1452 4404 accuratam

174 4425 375 4497 defectuum
407 4428 675 4521 descriptionem
712 4430 840 4521 quibus
865 4433 1019 4524 eorporis
1044 4434 1276 4526 irregularitas
1301 4440 1453 4530 gignitur
