3248 5004
177 404 224 471 26
486 425 649 477 rrsrrrur.
664 429 692 476 ιιι
709 429 888 477 tartense
907 427 1032 476 ιιυιιιτ.
1052 427 1140 474 ιιοι.

173 529 328 602 rioribus
351 531 584 626 regularibus,
611 534 808 627 respondtit
829 533 971 605 «Unum
998 545 1132 603 tantum
1157 530 1326 602 seniorem
1352 523 1447 596 llcli·

176 658 197 700 ι
216 637 350 726 giosum
374 634 605 728 presbiterum
630 638 747 710 audire
771 638 883 731 potui,
910 637 968 730 qui
996 657 1075 707 eum
1096 634 1264 724 (Titium)
1283 629 1444 722 cognorit

175 765 197 806 ιι
218 741 251 809 in
277 741 472 825 novitiatu,
497 753 533 814 et
563 742 712 814 asseruit
743 742 1022 836 frequentissime
1054 740 1215 832 punitum
1247 737 1351 807 luisse
1402 756 1444 804 eo

175 869 196 912 s
216 845 307 936 quod
324 845 477 937 regulam
493 864 561 917 non
579 847 753 930 servabat,
772 869 835 920 nec
852 845 1043 939 praeceptis
1068 843 1221 936 magistri
1246 839 1441 920 obediebat,

174 975 196 1016 ι
216 963 252 1022 et
275 950 388 1044 palam
420 951 623 1035 dictitabat,
653 975 691 1025 se
723 941 849 1047 expelli
880 951 1097 1031 desiderare,
1132 948 1292 1042 quoniam
1323 957 1441 1016 eontra

179 1069 313 1126 n‘suam
338 1053 552 1127 voluntatem
576 1057 732 1128 habitum
757 1057 927 1128 induerat.
948 1080 964 1122 ι
995 1054 1121 1125 Emisit
1154 1052 1292 1144 insuper
1323 1061 1442 1119 votum

175 1161 292 1234 lavore
310 1160 541 1233 restitutionis
553 1163 588 1231 in
603 1163 776 1254 integrum
790 1162 883 1232 Titio
899 1158 1273 1250 concedendaelleque
1286 1179 1328 1227 ex
1346 1168 1442 1248 parte

175 1264 313 1339 Ordinis
336 1264 417 1335 buie
441 1279 522 1338 voto
545 1266 674 1359 aliquid
703 1266 852 1337 obstitit.

244 1370 472 1443 Ulterioribus
497 1372 613 1465 itaque
637 1395 656 1442 a
681 1371 717 1442 S.
736 1371 776 1442 C.
796 1371 958 1443 adhibitis
982 1368 1170 1460 diligentiis
1194 1379 1246 1447 ut,
1271 1376 1440 1458 quant-um

172 1476 246 1548 lieri
270 1475 401 1570 possit,
427 1497 608 1568 processus
631 1475 798 1568 regularis
822 1477 1081 1555 institueretur,
1100 1485 1135 1543 et
1160 1473 1193 1542 in
1220 1472 1355 1542 irritum
1372 1489 1442 1538 ces·

173 1583 242 1662 sis,
261 1571 415 1651 obtentis
439 1580 525 1650 actis
549 1602 652 1673 supra
677 1581 869 1651 enunciatis
894 1580 928 1648 in
953 1580 1061 1655 lorana
1087 1577 1297 1655 authentica,
1316 1573 1441 1645 SSi'nus

171 1685 323 1777 benigne
349 1685 470 1755 annuit
486 1695 539 1767 ut,
558 1705 625 1754 non
650 1683 810 1754 obstante
835 1682 931 1775 lapsu
958 1683 1094 1753 termini
1112 1681 1281 1762 canonici,
1296 1692 1331 1750 ct
1348 1700 1441 1760 mora

173 1787 331 1860 Oratoris
355 1800 455 1860 extra
478 1790 628 1861 claustra
647 1792 694 1881 (i)
714 1790 748 1857 in
774 1787 895 1857 habitu
920 1786 1044 1868 laicali,
1063 1784 1108 1855 ob
1125 1785 1218 1876 regni
1238 1783 1277 1854 B.
1297 1785 1443 1856 circum·

175 1895 341 1974 stantiae,
367 1916 470 1964 causa
495 1907 611 1987 posset
634 1895 768 1966 definiri
794 1916 897 1987 super
926 1891 1136 1963 transmissis
1168 1891 1253 1961 actis
1285 1890 1368 1961 lieet
1393 1891 1443 1958 in·

172 1999 371 2091 eompletis,
397 2010 433 2070 et
457 1999 679 2092 praescriptis
703 1997 822 2071 lormis
846 1997 1043 2074 carentibus
1061 1997 1122 2090 (i),
1140 1996 1212 2066 sola
1230 1994 1442 2066 reireritate

173 2105 354 2195 inspecta,
382 2106 568 2176 summario
592 2118 628 2176 et
652 2102 894 2185 oeconomice,
921 2123 989 2172 non
1014 2102 1173 2172 obstante
1197 2112 1308 2171 const.
1336 2098 1444 2171 Retro·

171 2208 258 2278 dieti
275 2207 369 2280 xiii:
388 2204 427 2278 Si
450 2207 587 2279 dotem
610 2209 755 2302 aliisque
779 2207 961 2279 contrariis
985 2206 1270 2299 quibuscumque.

245 2311 426 2406 Proposita
449 2313 566 2406 itaqua
590 2315 675 2384 hace
699 2335 802 2383 eausa
819 2310 885 2381 luit
901 2333 943 2382 ex
961 2309 1122 2381 mandato
1139 2309 1234 2381 SSriri
1251 2307 1287 2379 S.
1306 2305 1347 2378 C.
1368 2305 1443 2378 titi.

174 2415 358 2491 estimet
382 2419 535 2492 discussa
559 2419 624 2490 sub
648 2418 763 2490 dubiis
787 2419 822 2488 in
847 2415 940 2490 ealce
964 2415 1099 2507 positis.

575 2592 818 2658 ”inceptum
837 2590 1050 2655 synoptico.

245 2728 400 2801 Dsransro
426 2754 499 2800 τιιιι
524 2756 626 2811 ouem
656 2755 768 2802 ιιιιιιιιιι
794 2726 1103 2800 nortun-Titius
1135 2749 1197 2819 per
1227 2723 1442 2797 defensorem

173 2855 277 2926 quem
296 2833 361 2904 sibi
378 2835 589 2907 constituero
612 2836 765 2918 censuit,
784 2830 1014 2905 contendebat
1036 2831 1135 2902 initio
1158 2831 1335 2902 decretum
1353 2827 1441 2899 Con.

171 2933 369 3009 Tridentini
392 2957 471 3009 sess.
489 2938 541 3010 '35
566 2961 596 3010 e.
626 2943 667 3010 tt
692 2938 877 3011 sancientis
892 2976 908 2989 -
924 2937 1123 3031 quicumque
1149 2932 1323 3026 llcpnlorie
1343 2954 1444 3026 proc-

174 3041 289 3111 tendat
312 3065 348 3114 se
367 3066 431 3137 per
453 3044 522 3115 vim
544 3058 578 3115 et
600 3059 728 3115 metum
751 3045 937 3138 inpressum
954 3064 1024 3111 esee
1041 3039 1364 3134 t·cli9ioncm....nen
1381 3060 1443 3106 ιιιι-

170 3143 289 3216 dr'ntnr
314 3147 383 3218 nisi
413 3149 505 3221 intra
534 3151 802 3245 qrrinqaenniam
820 3189 834 3203 ·
850 3148 1121 3242 praesumpsisse
1153 3145 1365 3236 Religiosum
1401 3168 1442 3216 eo

171 3251 249 3344 ipso
272 3253 364 3344 quod
388 3254 479 3326 intra
503 3256 779 3349 quinquennium
795 3277 864 3327 non
882 3252 1137 3336 reclamaverit,
1164 3265 1273 3322 ratam
1294 3251 1442 3323 soluisse

235 3439 271 3502 (1)
292 3436 390 3492 Nullus
409 3438 481 3494 enirn
505 3440 636 3510 regularis
656 3439 782 3496 adsersus
834 3435 1443 3508 reprobatertraludiciolesattestationesbisre

172 3536 252 3577 suam
268 3520 456 3591 professionem
468 3525 612 3580 reclamare
626 3534 720 3595 potest,
731 3525 780 3579 nisi
833 3523 921 3578 rerbis
933 3543 945 3574 ι
960 3525 998 3576 De
1010 3521 1211 3592 probationibus
1224 3534 1299 3586 rere,
1314 3520 1375 3574 lieet
1388 3535 1441 3575 nen

171 3606 243 3659 intre
262 3619 327 3660 suae
343 3606 493 3675 Religionis
503 3608 619 3663 claustra
637 3611 743 3675 existat,
756 3616 784 3662 et
837 3627 849 3657 ι
865 3609 1033 3673 ignoremus,
1044 3606 1114 3676 apud
1127 3607 1282 3674 Superiores
1297 3605 1432 3674 regulares

170 3687 267 3744 babitu
285 3689 401 3759 regulari
420 3693 620 3763 reassumptosi
638 3693 784 3762 ipsuman·
836 3689 1074 3759 »ordinariusque
1091 3691 1209 3744 locorum
1239 3704 1290 3743 usu
1308 3698 1442 3758 receptum

169 3781 216 3827 tea
227 3773 386 3842 deposuerit.
399 3775 527 3832 Const.Si
535 3777 634 3831 datam
645 3775 781 3831 etConeil.
836 3795 850 3828 ι
865 3775 948 3831 luisse
971 3776 999 3830 in
1010 3789 1038 3829 re
1048 3775 1115 3828 tanti
1131 3775 1270 3836 momenti,
1283 3773 1379 3829 iudicia
1394 3788 1442 3828 sua

169 3854 236 3911 trid.
256 3874 322 3913 rere.
344 3863 388 3928 2⁵,
405 3860 441 3915 de
459 3861 582 3931 reputor.
599 3877 623 3917 e.
639 3867 681 3916 te.
694 3863 782 3929 Quare
834 3883 847 3910 u
862 3859 1013 3915 tundarein
1028 3858 1275 3915 extraiudicialibus
1292 3857 1441 3913 attestatio-

170 3941 274 3997 S.C.in
285 3942 438 3999 huiusmodi
450 3947 618 4020 causis,eunr
631 3945 783 4016 Religiosus
835 3964 848 3996 ι
864 3944 957 4012 nibus,
975 3945 1147 4014 quantumvis
1164 3945 1313 3999 iuramento
1330 3941 1442 3997 firmatis

173 4032 264 4080 orator
273 4024 394 4081 habiturn
406 4025 568 4096 deposuerit,
583 4043 660 4098 saepe
672 4043 782 4098 respon·
835 4051 848 4078 ι
864 4043 932 4099 quae
940 4029 980 4083 cd
987 4034 1151 4098 perpernam
1163 4032 1212 4093 (ne
1223 4035 1311 4096 pereat
1323 4023 1444 4095 probatio

165 4107 232 4164 dit:
260 4113 428 4165 neaunmat
447 4111 594 4180 hobitum,
622 4114 720 4170 redeat
742 4114 783 4168 nd
836 4121 948 4168 »morte
972 4110 1100 4183 testium)
1124 4112 1276 4176 dicuntur;
1302 4109 1443 4177 solentes,

169 4191 336 4260 claustrum,
347 4197 375 4249 et
383 4198 481 4264 posteo
494 4197 637 4265 supplicet.
837 4218 849 4248 ι
863 4206 943 4267 atque
954 4195 1074 4253 districte
1085 4196 1288 4260 mandantes,ut
1296 4193 1329 4248 ad
1339 4192 1444 4248 adstru-

234 4280 271 4342 (2)
288 4277 389 4335 Bened.
402 4280 464 4333 xlv
482 4279 511 4334 iu
529 4288 616 4337 const.
633 4285 665 4336 Si
681 4281 782 4336 dotem
837 4303 850 4334 ι
864 4283 947 4337 endas
965 4283 1133 4352 probationes
1146 4280 1172 4336 ln
1185 4275 1337 4334 huiusmodi
1354 4292 1443 4332 causis

168 4360 353 4434 praescribens
368 4363 478 4426 modum
493 4367 605 4420 omnine
619 4366 779 4421 serrandum
836 4389 849 4414 ι
866 4367 1029 4421 necessarias
1063 4379 1140 4418 serus
1158 4360 1290 4418 iudicialis
1307 4375 1447 4434 processus

173 4442 203 4497 in
214 4443 380 4503 conficiendo
390 4462 514 4520 processu
526 4451 620 4505 narum
630 4465 771 4506 musarum
837 4473 850 4495 ι
863 4453 975 4506 omnino
994 4448 1203 4504 conficiatur...»
