3282 5008
515 437 723 486 exrurrsusrs
746 439 786 486 er
814 440 1110 490 tentamenti-rotis
1394 424 1452 494 iot

185 541 345 613 dominos
361 539 478 635 utiles)
495 554 747 626 commoneret,
766 558 805 615 ut
823 546 896 616 iura
912 547 1058 640 quisque
1075 567 1136 616 sua
1153 544 1187 616 in
1205 545 1345 642 scriptis
1361 546 1396 618 S.
1415 547 1456 618 (2.

184 647 382 720 oxlriberet:
408 668 497 739 quae
522 648 636 717 omnia
660 649 869 720 adamussim
899 653 1094 723 executioni
1118 653 1279 723 mandata
1302 651 1455 724 luerunt.

254 752 395 823 interim
420 773 503 822 vero
527 773 595 844 quo
620 764 777 846 tempore
801 755 892 847 apud
910 756 945 826 S.
966 755 1005 827 C.
1024 757 1109 829 haec
1133 756 1344 848 agebantur,
1370 759 1459 830 iudi·

182 855 275 926 cium
291 880 353 949 pro
370 855 660 947 redintegratione
674 856 894 950 vectigalium
913 882 1021 954 usque
1038 885 1079 932 eo
1092 860 1349 954 persolutorem
1366 864 1458 957 apud

181 961 328 1033 iudicem
346 960 629 1033 Ecclesiasticum
647 961 813 1034 finitimae
830 964 996 1036 dioecesis
1011 965 1051 1036 B.
1070 968 1311 1037 continuatum
1328 967 1455 1052 luerat,

179 1089 221 1137 ac
245 1068 393 1160 denique
417 1067 587 1138 sententia
612 1067 681 1139 lata
705 1082 825 1140 contra
851 1070 1104 1166 Empbyteutas
1135 1072 1329 1143 definitum.
1358 1073 1458 1144 Atta·

180 1192 258 1243 men
274 1173 309 1241 in
327 1170 530 1264 proferenda
554 1173 726 1244 sententia
750 1174 792 1244 ad
817 1174 939 1246 horum
965 1174 1117 1248 favorem
1143 1177 1320 1270 conceptis
1341 1179 1458 1250 verbis

177 1290 307 1348 tectum
333 1289 532 1370 sertumque
556 1279 610 1350 ius
634 1293 809 1350 servatum
834 1281 963 1363 luerat,
983 1294 1022 1351 ut
1039 1282 1073 1351 in
1092 1296 1172 1353 actu
1196 1282 1377 1354 solutionis
1402 1285 1456 1353 in-

176 1383 402 1456 demnitatem
422 1395 573 1474 prorata
590 1385 762 1455 commodi
780 1385 823 1456 ab
840 1388 967 1458 datore
986 1384 1102 1457 debita
1127 1387 1331 1470 retinerent,
1349 1403 1456 1481 prout

175 1489 218 1561 de
238 1491 312 1561 iure
331 1489 393 1582 (i).
412 1488 641 1559 Nihilominus
665 1491 777 1562 victor
801 1491 993 1584 Episcopus
1018 1491 1226 1561 sententiam
1250 1492 1294 1562 ab
1317 1494 1456 1587 appari·

176 1609 249 1666 tore
275 1595 415 1686 publico
439 1595 563 1687 exequi
588 1595 689 1664 iussit
717 1594 1027 1687 (quemadmodum
1052 1594 1095 1665 ab
1120 1595 1194 1688 ipso
1218 1594 1348 1666 sactum
1373 1597 1450 1692 est)

173 1724 236 1793 pro
256 1712 328 1770 tota
344 1721 499 1783 summa,
526 1697 619 1770 nulla
643 1700 855 1773 detractione
871 1715 966 1773 ratae
982 1701 1153 1772 commodi
1178 1703 1361 1794 permissa,
1380 1703 1454 1773 sru-

172 1819 245 1876 stra
270 1806 538 1878 reclamantibus
571 1805 819 1899 emphyteutis.
848 1809 966 1900 ltaque
998 1808 1103 1878 iidem
1136 1821 1378 1891 autumantes,
1406 1809 1452 1879 ob

172 1911 402 1992 voluntariam
427 1911 470 1982 ab
495 1911 669 2003 Episcopo
699 1912 829 1982 iussam
859 1913 1125 1994 executionem,
1160 1911 1380 2003 appellationi
1406 1914 1450 1984 ab

172 2040 214 2087 eo
240 2019 328 2089 circa
361 2032 588 2090 memoratam
621 2016 811 2088 clausulam
844 2019 1008 2088 nuncium
1041 2022 1183 2089 missum
1216 2018 1321 2090 luisse
1352 2020 1449 2091 iuxta

171 2124 363 2195 neotericas
386 2123 480 2216 leges
496 2147 515 2192 a
531 2121 568 2191 S.
587 2122 631 2192 ti.
646 2120 815 2212 ‘Gregorio
830 2122 905 2194 xvi
922 2124 1010 2195 latas
1032 2139 1098 2194 ort.
1120 2127 1200 2204 tui,
1220 2124 1331 2195 eidem
1350 2123 1386 2195 S.
1405 2123 1446 2194 C.

171 2229 238 2322 Ep.
267 2229 351 2322 Beg.
379 2229 485 2300 alium
511 2228 702 2321 supplicem
736 2227 890 2298 libellum
923 2229 1142 2310 detulerunt,
1168 2252 1237 2321 quo
1267 2252 1368 2299 suum
1394 2231 1450 2300 ius

169 2336 259 2406 circa
285 2351 378 2408 ratae
403 2337 574 2408 commodi
602 2336 926 2426 redintegrationem
951 2338 986 2405 in
1011 2358 1084 2406 rem
1110 2335 1295 2406 iudicatam
1320 2335 1448 2408 abiisse

170 2441 410 2532 exponebant,
438 2463 573 2532 unaque
597 2439 838 2535 postulabant,
865 2452 904 2510 ut
929 2463 948 2510 a
973 2440 1008 2509 S.
1029 2439 1070 2510 Ο.
1090 2439 1343 2523 declararetur,
1364 2441 1448 2534 Epi-

169 2568 312 2638 scopum
337 2545 515 2615 dominum
540 2545 711 2616 directum
736 2545 777 2615 ad
802 2545 1129 2636 redintegrationem
1154 2557 1249 2615 ratae
1273 2545 1446 2616 commodi

169 2652 280 2722 teneri
297 2664 373 2721 tum
389 2674 452 2743 pro
469 2650 668 2743 praeteritis
684 2664 758 2722 tum
776 2652 903 2723 luturis
920 2665 1089 2744 perpetuo
1108 2649 1333 2741 temporibus.
1354 2649 1445 2736 Qua·

168 2770 311 2848 propter
334 2754 371 2823 S.
398 2754 437 2826 C.
467 2756 676 2849 Episcopum
702 2756 868 2827 finitimae
893 2756 1057 2827 diaecesis
1082 2754 1121 2824 B.
1149 2755 1191 2826 de
1216 2755 1313 2826 novis
1338 2757 1443 2825 etiam

166 2860 262 2931 hisce
289 2861 448 2952 precibus
472 2860 680 2932 senientiam
704 2862 859 2952 rogavit,
885 2876 1068 2955 partesque
1093 2862 1133 2932 ad
1160 2885 1221 2932 sua
1246 2863 1319 2931 iura
1335 2883 1443 2952 penes

165 2965 202 3035 S.
223 2964 388 3036 Ordinem
412 2964 611 3037 deducenda
635 2966 815 3036 invitavit:
833 2966 924 3058 quod
950 2966 1080 3058 pariter
1098 2989 1133 3037 re
1151 2966 1355 3058 praestitum
1373 2977 1439 3036 est.

564 3143 807 3210 Disceptatio
826 3148 1041 3210 arrreptian.

236 3281 289 3351 Ex
313 3282 368 3352 his
398 3303 486 3374 quae
516 3283 685 3353 hactenus
715 3282 961 3375 exposuimus,
987 3282 1055 3351 duo
1087 3304 1162 3352 esse
1187 3281 1440 3353 controversiae

161 3387 276 3479 capita
301 3388 499 3459 innotescit.
526 3387 681 3459 Primum
706 3388 867 3459 videlicet
890 3389 1047 3459 continet
1071 3401 1271 3458 contractus
1295 3387 1441 3480 emphy-

227 3614 265 3682 (i)
281 3613 308 3666 S.
329 3615 367 3670 ti.
387 3613 448 3669 Pius
468 3615 527 3668 vii.
543 3613 639 3669 melius
659 3629 716 3669 osse
735 3614 774 3668 rei
825 3612 996 3668 commodum
1009 3617 1136 3678 sentiret,
1148 3612 1213 3667 dum
1227 3613 1296 3668 alius
1309 3620 1379 3668 esset
1391 3613 1437 3668 do-

162 3713 242 3768 quam
255 3712 381 3764 mmooae
389 3699 511 3753 insistere
520 3699 773 3770 probeiotelligens,
825 3699 932 3766 minus,
946 3701 992 3768 qui
1012 3698 1089 3753 iunii
1111 3698 1245 3753 lructuum
1262 3698 1436 3754 commodum

160 3799 223 3836 cum
235 3782 350 3852 singulis
361 3783 513 3852 pontificiae
526 3783 642 3838 Ditioois
656 3783 774 3852 praediis
824 3783 975 3853 occiperet,
993 3783 1130 3838 sanctione
1147 3799 1196 3837 sua
1215 3793 1323 3838 cautum
1340 3783 1433 3849 voluit,

160 3874 266 3921 certum
285 3875 468 3936 statutumque
489 3867 599 3935 vectigal
624 3869 771 3936 imposuit,
823 3867 1436 3937 utpossessorestantumexcanonedemarent,

159 3949 319 4020 quodvulgo
328 3950 516 4006 auditDair'oc
527 3951 770 4018 fleole,fundorum
822 3950 927 4022 sibique
939 3951 1094 4018 retinerent,
1102 3960 1233 4022 qnantum
1243 3951 1376 4006 commodi
1388 3953 1435 4006 do-

161 4049 326 4105 possrssores
337 4051 385 4090 sua
395 4036 453 4105 lega
463 4037 669 4104 percontanda
680 4036 770 4093 habita
824 4037 915 4091 minus
932 4037 1001 4090 aiter
1018 4038 1146 4103 sentiret,
1165 4035 1237 4105 quod
1255 4037 1326 4091 idem
1345 4045 1386 4092 est
1402 4053 1436 4092 ac

160 4121 321 4182 rationario
333 4119 378 4176 alil
390 4120 515 4175 adessent
530 4120 633 4176 domini
645 4163 653 4188 ‚
671 4121 771 4192 quibus
822 4122 921 4186 dicere,
932 4130 963 4176 ut
975 4136 1105 4175 canonem
1117 4120 1308 4176 imminuerent
1316 4135 1362 4190 pro
1376 4129 1433 4175 rata

158 4221 190 4259 ex
202 4203 288 4259 irtaco
297 4221 382 4260 canon
395 4207 518 4275 aliquisa
533 4221 682 4276 possessore
693 4208 772 4262 debe·
821 4205 968 4268 cotnrnodi,
983 4204 1053 4274 quod
1067 4205 1143 4259 alteri
1156 4203 1267 4259 domino
1285 4203 1431 4260 obveniret:

160 4297 243 4342 retur.
255 4291 388 4357 Quoniam
400 4305 460 4344 vero
473 4289 590 4344 iustitiae
604 4291 708 4356 legibus
722 4293 770 4346 mi·
820 4289 883 4346 inde
911 4291 1053 4360 appellatio
1072 4294 1155 4344 rutae
1178 4291 1316 4343 commorit
1342 4297 1432 4344 ortum

159 4374 234 4426 nirns
246 4381 457 4427 consentaneum
471 4383 642 4442 agnosceret,
655 4383 686 4428 ut
698 4391 770 4431 uirus
821 4375 907 4431 duxit.

158 4457 299 4512 dumtaxat
316 4457 485 4527 publicorum
504 4457 712 4514 intributionunr
731 4462 770 4515 in·
