3248 5004
604 499 823 572 anatona
849 500 1046 577 Pntvn‘rt.

250 775 283 822 27
301 768 437 826 Februar.
448 774 526 828 tuot.
730 771 802 828 Sese.
822 777 864 828 tt.
883 777 991 828 necret.
1011 775 1047 829 de
1063 773 1152 830 obser.
1171 779 1200 829 tn
1215 775 1312 844 tuens.
1325 779 1405 836 Mtte.

253 1053 537 1122 con-penatum
559 1055 666 1113 tuest.
690 1043 743 1115 Ob
768 1045 940 1138 praeclara
966 1048 1090 1118 merita
1115 1071 1195 1141 erga
1219 1049 1456 1142 Apostolieam

181 1147 305 1221 Sedent
330 1161 546 1222 concesserat
571 1149 613 1218 R.
640 1147 677 1218 P.
706 1148 866 1220 Clemens
890 1149 964 1219 ΧΙΙΙ
989 1151 1193 1245 coniugibus
1217 1154 1389 1226 nobilibus
1409 1161 1455 1229 A.

181 1269 216 1326 et
241 1255 280 1325 Β.
308 1255 619 1328 extraordinarium
655 1256 795 1327 omnino
828 1255 1046 1349 privilegium
1071 1259 1220 1331 Oratorii
1248 1261 1385 1353 privati.
1414 1263 1454 1332 ln

181 1362 315 1433 indulto
339 1361 570 1433 concessionis
594 1360 685 1431 inter
709 1360 775 1430 alia
799 1360 897 1452 plura
923 1361 1120 1452 legebatur:
1143 1393 1159 1430 a
1178 1363 1330 1436 Volentes
1349 1366 1455 1459 ipittn·

180 1467 310 1535 eosdem
335 1468 376 1536 Α.
404 1478 437 1534 et
461 1463 502 1534 Β.
521 1463 719 1559 specialibus
741 1465 911 1559 savonbus
932 1479 963 1534 et
987 1469 1108 1559 pretiis
1126 1471 1343 1564 prosequi...
1361 1487 1454 1540 mota

178 1573 313 1666 proprio
338 1587 369 1643 et
390 1593 432 1641 es
451 1585 542 1641 certa
564 1571 727 1651 seientia,
751 1586 903 1649 nostrae,
926 1571 1031 1665 deque
1054 1573 1262 1668 Apostolieae
1282 1579 1455 1670 potestatis

177 1673 409 1768 plenitudine,
434 1674 557 1745 eisdem
581 1675 622 1744 Α.
645 1690 676 1744 et
701 1675 744 1745 B.
765 1676 978 1770 coninpibas,
1001 1700 1041 1747 ac
1066 1679 1214 1772 ipsomm
1237 1679 1318 1772 filiis
1341 1696 1372 1750 et
1396 1681 1454 1750 de·

178 1781 410 1850 scandentibus
434 1781 470 1847 in
491 1795 705 1874 perpetuum,
733 1795 770 1850 ut
794 1783 831 1851 in
852 1784 1066 1877 privatis.....
1087 1781 1255 1856 Oratorit's
1272 1785 1455 1858 Saerosau·

179 1899 269 1954 ctum
293 1885 412 1955 Missae
436 1886 638 1978 sacrificium
643 1938 711 1956 .....
726 1889 762 1956 in
779 1911 840 1958 sna
864 1911 925 1960 ttae
949 1913 1014 1959 non
1038 1887 1191 1982 familiae
1217 1913 1299 1962 sune
1322 1908 1353 1963 et
1373 1915 1454 1987 qno·

179 2015 397 2086 rttrnctnnque
428 1991 593 2071 oliorum,
618 2015 698 2086 qnos
722 1992 807 2062 inibi
837 1995 951 2065 adesse
981 1996 1155 2088 cotttt'perit
1182 2001 1377 2089 praesentia
1382 2051 1451 2068 .....

178 2095 345 2168 celebrare
368 2100 481 2192 facere
504 2096 607 2168 libere
631 2111 663 2168 et
688 2098 779 2168 licite
799 2101 926 2192 possint
951 2117 983 2171 et
1007 2100 1160 2181 valeant,
1183 2115 1215 2170 et
1238 2103 1376 2195 quilibet
1399 2129 1454 2175 eo·

179 2227 253 2272 rum
276 2205 380 2297 possit
404 2219 435 2273 et
462 2201 609 2274 ualeat...
628 2203 838 2273 concedimus
862 2220 893 2274 et
918 2206 1208 2300 indnlpemus....n

250 2309 307 2379 Pia
333 2309 459 2381 mulier
483 2308 565 2379 Cala
597 2322 677 2402 post
694 2310 757 2378 viri
775 2311 827 2379 sui
846 2325 1008 2395 mortem,
1035 2314 1093 2404 qui
1119 2337 1161 2384 ex
1187 2313 1348 2386 indicatis
1371 2340 1452 2387 eon·

178 2417 315 2508 iugibus
341 2417 381 2485 Α.
409 2429 444 2487 et
469 2415 508 2485 B.
536 2414 780 2495 descendebat,
807 2438 886 2484 cum
913 2416 1003 2486 lilius
1028 2419 1150 2488 unicus
1173 2440 1277 2510 quem
1303 2421 1450 2492 habebat

178 2523 329 2592 maritima
355 2524 482 2592 mentis
506 2520 715 2592 hebetudine
740 2519 929 2604 laboraret,
957 2545 1068 2616 neque
1090 2547 1196 2617 capax
1215 2538 1307 2595 esset
1325 2527 1455 2597 divinis

177 2628 359 2699 assistendi
385 2628 524 2709 oliieiis,
544 2627 819 2721 dubitarenoepit
844 2629 886 2700 de
911 2629 1014 2698 huius
1038 2631 1207 2723 privilegii
1233 2636 1452 2712 extensione,

178 2746 295 2802 utrum
321 2755 446 2824 nempe
472 2733 558 2824 ipsa,
579 2747 700 2825 utpote
726 2755 811 2803 uxor
835 2732 949 2801 masiti
975 2746 1072 2804 certo
1097 2734 1324 2828 privilegiati,
1351 2751 1387 2808 et
1412 2754 1454 2808 ut

179 2840 287 2908 tutrix
320 2837 527 2930 privilegiati
561 2839 645 2920 ntit,
673 2849 789 2930 posset
814 2837 879 2908 boe
904 2835 1084 2929 privilegio
1119 2838 1272 2931 legitime
1297 2839 1377 2910 lrui.
1408 2843 1454 2913 Ut

176 2945 321 3014 dubium
349 2942 527 3035 quodlibet
559 2956 813 3026 removeretur,
844 2943 911 3012 duo
943 2965 961 3012 a
987 2942 1022 3013 S.
1046 2941 1086 3012 C.
1105 2943 1144 3014 C.
1170 2946 1298 3037 petiit,
1325 2966 1453 3038 nempe

175 3051 411 3122 authenticam
443 3046 539 3118 dubii
572 3047 806 3134 solutionem,
837 3072 924 3141 quac
954 3050 981 3118 si
1011 3052 1183 3121 contraria
1213 3052 1323 3122 eidem
1353 3051 1451 3121 obti-

175 3157 305 3246 gisset,
324 3154 531 3248 implorabat
547 3176 589 3223 ex
607 3156 717 3244 gratia
742 3155 777 3224 S.
797 3155 895 3225 Sedis
920 3155 953 3224 id
977 3153 1066 3247 quod
1093 3153 1167 3225 iure
1193 3155 1361 3247 privilegii
1383 3158 1451 3226 sibi

177 3263 349 3332 vindicare
373 3283 441 3330 non
467 3271 616 3352 poterat.
643 3259 755 3346 Quare
782 3263 957 3352 proposita
986 3259 1127 3330 suerunt
1151 3259 1187 3329 S.
1206 3263 1246 3333 C.
1270 3261 1371 3332 dubia
1398 3261 1453 3329 in-

176 3367 365 3459 lrasoripta.

572 3545 815 3611 ntseeptatto
838 3550 1054 3612 synopttea.

245 3681 333 3768 Quis
360 3706 483 3751 stottsnt
509 3707 701 3753 transturas
728 3706 895 3752 novensem
914 3707 1015 3762 onena
1034 3707 1150 3752 rntuou
1168 3705 1291 3753 ousion.
1309 3721 1349 3736 -
1367 3683 1448 3752 Ani·

174 3787 454 3858 madvertebatur
470 3811 512 3857 en
527 3789 636 3883 officio
652 3789 824 3859 adversari
854 3787 1080 3859 affirmativae
1105 3786 1319 3880 responsioni
1345 3787 1450 3877 primi

173 3894 282 3976 dubii,
300 3894 547 3965 resolutionem
572 3897 648 3966 Sao.
677 3893 716 3964 C.
743 3894 783 3965 C.
810 3895 925 3965 datam
959 3895 993 3962 in
1020 3893 1210 3964 blnrsicieu.
1241 3892 1296 3963 die
1329 3893 1349 3961 3
1383 3891 1452 3962 De·

171 3999 315 4070 cambris
343 4001 501 4080 tatum
527 4024 593 4092 qua
619 4002 702 4071 baec
727 4013 801 4072 erat
826 4001 908 4071 lacti
933 4001 1085 4091 species:
1113 3999 1306 4092 Episcopus
1332 3997 1451 4067 Marsi-

172 4105 298 4175 ciensis
314 4129 392 4176 curn
407 4107 623 4176 observasset
637 4105 774 4175 Missam
789 4103 954 4176 celebrari
969 4104 1003 4172 in
1018 4104 1152 4196 privato
1162 4101 1320 4174 Oratorio
1331 4125 1450 4172 coram

172 4209 315 4292 familia,
335 4211 477 4284 absente
497 4210 568 4279 viro
583 4223 618 4279 et
633 4233 740 4282 usare
758 4209 815 4300 qui
834 4220 932 4280 erant
957 4207 1195 4302 principaliter
1218 4207 1449 4301 privilegiati,

172 4319 309 4407 praevia
340 4318 433 4388 illius
457 4313 603 4388 Oratorii
630 4316 879 4408 suspensione,
906 4314 1107 4408 probibuit,
1134 4337 1177 4386 ne
1202 4315 1276 4386 viro
1304 4313 1450 4385 absente

173 4421 273 4492 Missa
299 4423 461 4494 deineens
495 4423 620 4493 ibidem
655 4423 900 4494 celebraretur.
932 4422 988 4492 Vir
1013 4435 1130 4492 autem
1164 4420 1371 4493 indultarius
1398 4443 1452 4492 re·
