3282 5008
534 444 693 496 FDlllllth
710 448 873 497 ttntott't.
893 447 961 496 Vllss
979 444 1119 497 l‘dllllffl

261 551 301 641 ti.
329 554 497 627 Dominus
521 556 710 628 vobiscum.

261 658 298 748 td.
326 661 371 732 Et
395 683 475 734 cum
500 663 625 756 spiritu
653 676 724 734 tuo.

750 825 909 899 Oramus.

261 979 489 1075 Omnipotens
513 984 723 1077 sempiterne
748 983 856 1065 Deus,
878 985 938 1076 qui
964 983 1078 1054 omnia
1103 981 1275 1056 elementa
1299 980 1341 1052 ad
1365 991 1466 1050 tuam

190 1085 332 1176 gloriam
358 1089 616 1182 utilitatemque
641 1091 821 1161 hominum
846 1088 1054 1160 condidisti:
1084 1089 1224 1179 dignare
1252 1107 1467 1179 quaesumus

191 1191 278 1263 banc
301 1193 400 1264 Viam
423 1194 595 1278 ferream,
622 1198 765 1290 eiusque
790 1197 1023 1267 instrumenta
1047 1195 1135 1265 beno
1150 1199 1193 1284 ἧι
1207 1194 1334 1274 dicere,
1354 1203 1389 1262 et
1406 1190 1467 1260 be-

191 1298 291 1390 nigna
316 1324 454 1394 semper
478 1315 538 1373 tua
557 1303 774 1393 providentia
797 1303 902 1386 tuori;
923 1315 963 1374 ut
986 1304 1067 1373 dum
1095 1299 1214 1371 lamuli
1233 1298 1283 1367 tui
1301 1295 1467 1368 velociter

189 1418 376 1498 properant
397 1406 432 1475 in
457 1406 532 1487 via,
559 1408 593 1476 in
621 1407 694 1499 lege
720 1419 779 1478 tua
804 1408 1039 1491 ambulantes,
1058 1422 1094 1479 et
1111 1406 1200 1476 viam
1223 1402 1466 1474 mandatorum

192 1523 331 1582 tuorum
356 1526 559 1595 currentes,
585 1513 627 1584 ad
651 1513 837 1586 caelestem
863 1515 1011 1607 patriam
1036 1512 1186 1584 feliciter
1210 1509 1391 1603 pervenire
1407 1531 1467 1578 va·

190 1614 296 1686 leant.
321 1615 389 1686 Per
412 1614 591 1687 Christum
615 1617 800 1689 Dominum
825 1619 996 1691 nostrum.
1023 1621 1059 1711 q.
1087 1619 1211 1688 Amen.

754 1789 916 1862 Oramus.

259 1934 451 2029 Propitiarc
477 1937 621 2010 Domine
646 1938 739 2011 Deus
764 1937 1075 2031 supplicationibus
1099 1938 1244 2020 nostris,
1263 1949 1300 2010 et
1316 1936 1404 2009 bene
1418 1941 1463 2024 ἧι

187 2040 244 2111 dic
269 2040 398 2112 Currus
423 2042 510 2115 istos
533 2044 677 2116 dextera
702 2056 761 2114 tua
789 2054 932 2126 sancta,
962 2043 1109 2134 adiunge
1134 2042 1176 2111 ad
1201 2043 1295 2133 ipsos
1326 2056 1466 2112 sanctos

188 2148 340 2240 Angelos
365 2161 466 2232 tuos,
493 2162 533 2220 ut
557 2173 677 2222 omncs
701 2151 760 2243 qui
786 2151 820 2220 in
847 2152 897 2223 cis
921 2151 1110 2230 vehantur,
1129 2147 1276 2219 liberent
1293 2158 1329 2217 ct
1349 2159 1465 2217 custo-

187 2253 285 2325 diant
307 2277 446 2348 semper
469 2279 488 2326 a
513 2256 677 2349 periculis
701 2256 890 2328 universis:
918 2267 953 2327 et
977 2253 1269 2347 quemadmodum
1298 2252 1372 2321 viro
1400 2252 1467 2321 Ae·

188 2359 299 2453 thiopi
323 2383 428 2454 super
452 2382 594 2432 currum
617 2383 720 2431 suurn
745 2360 896 2442 sedenti,
916 2371 952 2432 ct
968 2383 1064 2431 sacra
1089 2359 1223 2448 eloquia
1248 2360 1378 2453 legenti
1402 2382 1467 2452 por

188 2463 346 2536 Levitam
371 2479 470 2538 tuum
495 2465 694 2558 Philippum
712 2465 816 2538 iidem
833 2476 869 2536 et
885 2467 1032 2557 gratiam
1049 2465 1227 2537 contulisti
1234 2487 1246 2552 ;
1260 2465 1308 2536 ito
1327 2463 1466 2536 lomulis

188 2569 261 2638 tuis
284 2571 375 2642 viam
399 2571 521 2643 salutis
544 2568 709 2651 ostende,
735 2571 794 2662 qui
820 2581 879 2640 tna
904 2572 1014 2662 gratia
1038 2571 1167 2653 adiuti,
1191 2570 1359 2662 bonisque
1383 2593 1466 2662 ope-

188 2673 286 2744 ribus
310 2675 439 2768 iugitcr
462 2675 610 2754 intenti,
637 2686 717 2766 post
739 2696 860 2746 omncs
885 2675 959 2746 vine
984 2689 1020 2746 ct
1044 2677 1135 2747 vitae
1158 2676 1263 2747 huius
1279 2676 1466 2748 varietates

187 2790 328 2851 aeterna
352 2780 476 2873 gaudio
500 2779 664 2871 consequi
690 2790 904 2852 mercantur.
923 2781 989 2852 Per
1004 2780 1181 2853 Christum
1198 2782 1384 2855 Dominum
1408 2805 1467 2854 no·

187 2897 313 2955 strum.
341 2885 380 2980 ri.
400 2886 525 2958 Amen.

261 2989 390 3060 Deinde
412 2994 559 3088 osperpit
582 2993 673 3064 oicm
697 3006 730 3064 ct
753 3016 873 3065 currus
896 3016 985 3088 oque
1008 2992 1192 3065 benedicto.

258 3095 339 3165 Post
361 3110 539 3192 utromque
563 3095 836 3169 Benedictionem
860 3097 986 3168 dicitur
1011 3098 1060 3170 Te
1078 3100 1188 3172 Deum
1212 3123 1290 3170 cum
1313 3101 1467 3171 oratione

187 3201 278 3274 Deus
301 3200 401 3272 cuius
423 3203 677 3276 misericordiae
702 3217 769 3275 etc.

608 3385 813 3459 Boonnusuu
839 3410 879 3457 er
897 3385 1064 3460 Dsruncn.

259 3531 506 3605 Sanctissimus
530 3533 699 3607 Dominus
729 3548 847 3608 noster
874 3533 952 3606 Plus
974 3537 1066 3633 Papa
1093 3535 1149 3608 lX.
1176 3538 1367 3609 clementer
1395 3536 1463 3606 de-

188 3637 303 3710 terens
327 3639 541 3731 supplicibus
573 3639 665 3712 votis
689 3641 810 3714 Rcvriri
838 3643 975 3713 Domini
1002 3644 1186 3737 Raphaelis
1210 3643 1236 3713 F
1239 3643 1375 3734 arrigno
1399 3642 1465 3709 Ar-

188 3744 398 3836 chiepiscopi
412 3744 639 3827 brundusini,
659 3758 695 3816 ct
708 3747 1005 3820 Administratoris
1021 3748 1227 3821 Dioecescos
1242 3745 1463 3824 Ostuncnsis,

188 3875 209 3922 a
224 3848 422 3922 Substituto
439 3851 652 3924 Secretariae
669 3851 853 3925 Sacrorum
871 3852 1014 3924 llituum
1029 3855 1315 3948 Congrogotionis
1330 3851 1460 3931 relatis,

189 3955 334 4026 indulsit
355 3969 407 4039 ut,
430 3961 465 4027 in
484 3968 631 4051 utroque
644 3958 800 4032 Dioecesi
818 3983 893 4041 sua,
912 3961 1164 4054 suprascriptae
1177 3959 1462 4033 Benedictionum

188 4057 358 4132 formulae
380 4085 398 4133 a
424 4085 523 4134 sacra
548 4061 692 4134 Rituum
717 4061 988 4159 congregatione
1009 4068 1077 4140 iam
1094 4067 1303 4161 approbatae
1318 4086 1382 4157 pro
1398 4061 1462 4133 Do-

188 4164 386 4238 nedictionc
412 4169 618 4261 Telegraphi
642 4181 679 4241 et
704 4168 785 4242 Viae
803 4171 948 4244 Ferreae
972 4172 1125 4244 adhiberi
1152 4171 1300 4243 valeant.
1320 4169 1461 4241 Contro-

189 4269 253 4343 riis
275 4292 344 4341 non
368 4273 589 4346 obstantibus
612 4273 900 4370 quibuscumque.
933 4277 996 4351 Die
1022 4282 1042 4348 6
1068 4277 1197 4370 Aprilis
1224 4278 1325 4348 idib.

689 4477 959 4506 *¹*-
